
@book{Ginzburg.2000,
  location = {{Stanford}},
  title = {Interrogative Investigations},
  publisher = {{CSLI publications}},
  author = {Ginzburg, Jonathan and Sag, Ivan A.},
  date = {2000}
}

@article{Sag.2003a,
  title = {Coordination and Underspecification},
  journaltitle = {HPSG (2003a)},
  author = {Sag, Ivan A.},
  date = {2003},
  pages = {267--291}
}

@book{Goldberg.1995,
  location = {{Chicago}},
  title = {Constructions, {{A Construction Grammar Approach}} to {{Argument Structure}}},
  publisher = {{Univ. of Chicago Press}},
  author = {Goldberg, Adele E.},
  date = {1995}
}

@inproceedings{Richter.2009,
  title = {Phraseological Clauses in Constructional {{HPSG}}},
  booktitle = {Proceedings of the 16th International Conference on Head-Driven Phrase Structure Grammar, University of Göttingen, Germany},
  location = {Göttingen},
  author = {Richter, Frank and Sailer, Manfred},
  date = {2009},
  pages = {297--317}
}

@article{Firth.1957,
  title = {A Synopsis of Linguistic Theory, 1930-1955},
  journaltitle = {Studies in Linguistic Analysis},
  author = {Firth, John R.},
  date = {1957},
  pages = {1--32}
}

@online{Davies.2008,
  title = {The Corpus of Contemporary {{American English}}: 450 Million Words, 1990-Present},
  url = {http://corpus.byu.edu/coca/},
  author = {Davies, Mark},
  urldate = {2016-02-07},
  date = {2008}
}

@article{Jackendoff.2008,
  title = {Construction after Construction and Its Theoretical Challenges},
  volume = {84},
  number = {1},
  journaltitle = {Language},
  author = {Jackendoff, Ray},
  date = {2008},
  pages = {8--28}
}

@article{Arndt-Lappe.2014,
  title = {Analogy in Suffix Rivalry: The Case of {{English}}-Ity and-Ness},
  volume = {18},
  number = {3},
  journaltitle = {English Language and Linguistics},
  author = {Arndt-Lappe, Sabine},
  date = {2014},
  pages = {497--548}
}

@inproceedings{Bonami.2007,
  location = {{Fréjus}},
  title = {French Pronominal Clitics and the Design of {{Paradigm Function Morphology}}},
  booktitle = {Proceedings of the Fifth {{Mediterranean Morphology Meeting}}},
  author = {Bonami, Olivier and Boyé, Gilles},
  date = {2007},
  pages = {291--322}
}

@book{Stump.2016,
  location = {{Cambridge, New York}},
  date = {2016},
  title = {Inflectional {{Paradigms}}: {{Content}} and {{Form}} at the {{Syntax}}-Morphology {{Interface}}},
  volume = {149},
  publisher = {{Cambridge University Press}},
  author = {Stump, Gregory}
}

@inproceedings{Thornton.2010,
  title = {Towards a Typology of Overabundance},
  booktitle = {Décembrettes 7: {{International Conference}} on {{Morphology}}, {{University}} of {{Toulouse}}},
  author = {Thornton, Anna M.},
  location = {Toulouse},
  date = {2010},
  pages = {2--3}
}

@article{Arppe.2014,
  title = {Ndl: {{Naive Discriminative Learning}}},
  journaltitle = {R package versions 0.1},
  author = {Arppe, Antti and Hendrix, Peter and Milin, Petar and Baayen, R. Harald and Shaoul, Cyrus},
  date = {2014}
}

@inproceedings{Thornton.2010a,
  title = {Diachronic Paths to Reduction and Maintenance of Overabundance in {{Italian}} Verb Paradigms'},
  booktitle = {14th IMM, Budapest},
  location = {Budapest},
  author = {Thornton, Anna M.},
  date = {2010}
}

@book{Sag.2003,
  location = {{Stanford}},
  edition = {2},
  title = {Syntax: A Formal Introduction},
  publisher = {{CSLI Publications/Center for the Study of Language and Information}},
  author = {Sag, Ivan A. and Wasow, Thomas and Bender, Emily},
  date = {2003}
}

@article{Gouskova.2015,
  title = {Selectional Restrictions as Phonotactics over Sublexicons},
  volume = {167},
  journaltitle = {Lingua},
  author = {Gouskova, Maria and Newlin-Łukowicz, Luiza and Kasyanenko, Sofya},
  date = {2015},
  pages = {41--81}
}

@article{Lecic.2015,
  title = {Morphological Doublets in {{Croatian}}: The Case of the Instrumental Singular},
  volume = {39},
  number = {3},
  journaltitle = {Russian Linguistics},
  author = {Lečić, Dario},
  date = {2015},
  pages = {375--393}
}

@article{Malkiel.1988,
  title = {A {{Cluster}} of ({{Old}}) {{Portuguese Derivational Suffixes}}:-" Ece,-Ice, Ez (a)", {{Viewed}} in {{Relation}} to Their {{Spanish Counterparts}}},
  volume = {65},
  number = {1},
  journaltitle = {Bulletin of Hispanic studies},
  author = {Malkiel, Yakov},
  date = {1988},
  pages = {1--19}
}

@book{Booij.2010,
  location = {{Oxford, New York}},
  title = {Construction Morphology},
  publisher = {{Oxford University Press}},
  author = {Booij, Geert E.},
  date = {2010}
}

@article{Nesetril.1994,
  title = {On Ordered Graphs and Graph Orderings},
  volume = {51},
  doi = {10.1016/0166-218X(94)90100-7},
  number = {1},
  journaltitle = {Discrete Applied Mathematics},
  shortjournal = {Discrete Applied Mathematics},
  author = {Nešetřil, Jaroslav},
  date = {1994-06-22},
  pages = {113--116}
}

@thesis{Evert.2004,
  title = {The {{Statistics}} of {{Word Cooccurrences Word Pairs}} and {{Collocations}}},
  url = {http://en.scientificcommons.org/19948039},
  institution = {Universität Stuttgart},
  author = {Evert, Stefan},
  date = {2004}
}

@article{Evert.2008,
  title = {Corpora and Collocations},
  volume = {1},
  doi = {10.1515/9783110213881.2.1212},
  number = {1961},
  journaltitle = {Corpus Linguistics. An International Handbook},
  author = {Evert, Stefan},
  date = {2008},
  pages = {1--53}
}

@article{Goldberg.1996,
  title = {Jackendoff and Construction-Based Grammar},
  volume = {7},
  doi = {10.1515/cogl.1996.7.1.3},
  number = {1996},
  journaltitle = {Cognitive Linguistics},
  author = {Goldberg, Adele E.},
  date = {1996},
  pages = {3--20}
}

@article{Goldberg.2003,
  title = {Constructions: A New Theoretical Approach to Language},
  volume = {7},
  doi = {10.1016/S1364-6613(03)00080-9},
  number = {5},
  author = {Goldberg, Adele E.},
  date = {2003},
  pages = {219--224}
}

@article{Goldberg.2013,
  title = {Argument {{Structure Constructions}} versus {{Lexical Rules}} or {{Derivational Verb Templates}}},
  volume = {28},
  doi = {10.1111/mila.12026},
  number = {4},
  journaltitle = {Mind \& Language},
  author = {Goldberg, Adele E.},
  date = {2013-09},
  pages = {435--465}
}

@book{Goldberg.2006,
  location = {{Oxford}},
  title = {Constructions at {{Work}}},
  publisher = {{Oxford University Press}},
  author = {Goldberg, Adele E.},
  date = {2006}
}

@article{Goldberg.2014,
  title = {Fitting a Slim Dime between the Verb Template and Argument Structure Construction Approaches},
  volume = {40},
  issue = {1-2},
  journaltitle = {Theoretical Linguistics},
  author = {Goldberg, Adele E.},
  date = {2014},
  pages = {113--135}
}

@article{Goldberg.2009,
  title = {The Nature of Generalization in Language},
  volume = {20},
  doi = {10.1515/COGL.2009.005},
  journaltitle = {Cognitive Linguistics},
  author = {Goldberg, Adele E.},
  date = {2009},
  pages = {93--127}
}

@article{Goldberg.2009a,
  title = {Constructions Work},
  volume = {20},
  doi = {10.1515/COGL.2009.013},
  journaltitle = {Cognitive Linguistics},
  author = {Goldberg, Adele E.},
  date = {2009},
  pages = {201--224}
}

@incollection{Goldberg.2006a,
  title = {English {{Constructions}}},
  number = {36},
  booktitle = {The {{Handbook}} of {{English Linguistics}} 36},
  location = {Oxford},
  author = {Goldberg, Adele E. and Casenhiser, Devin},
  date = {2006},
  pages = {1--14}
}

@book{Gries.2009,
  location = {{New York}},
  title = {Quantitative Corpus Linguistic with {{R}} Practical Introduction},
  publisher = {{Routledge}},
  author = {Gries, Stefan Th.},
  date = {2009}
}

@article{Gries.2008,
  title = {Dispersions and Adjusted Frequencies in Corpora},
  volume = {13},
  doi = {10.1075/ijcl.13.4.02gri},
  number = {4},
  journaltitle = {International Journal of Corpus Linguistics},
  author = {Gries, Stefan Th.},
  date = {2008},
  pages = {403--437}
}

@article{Gries.2015,
  title = {The Most Under-Used Statistical Method in Corpus Linguistics: {{Multi}}-Level (and Mixed-Effects) Models},
  volume = {10},
  doi = {10.3366/cor.2015.0068},
  number = {1},
  journaltitle = {Corpora},
  author = {Gries, Stefan Th.},
  date = {2015},
  pages = {95--125}
}

@article{Gries.2011,
  title = {Corpus Data in Usage-Based Linguistics - {{What}}’s the Right Degree of Granularity for the Analysis of Argument Structure Constructions?},
  volume = {32},
  journaltitle = {Cognitive linguistics: Convergence and expansion},
  author = {Gries, Stefan Th.},
  date = {2011},
  pages = {237--256}
}

@article{Gries.2012,
  title = {Frequencies, Probabilities, and Association Measures in Usage-/Exemplar-Based Linguistics: Some Necessary Clarification},
  volume = {11},
  doi = {10.1075/sl.11.3.02gri},
  journaltitle = {Studies in Language},
  author = {Gries, Stefan Th.},
  date = {2012},
  pages = {477--510}
}

@incollection{Gries.2010,
  title = {Cluster {{Analysis}} and the {{Identification}} of {{Collexeme Classes}}},
  booktitle = {Empirical and {{Experimental Methods}} in {{Cognitive}}/{{Functional Research}}},
  publisher = {{CSLI Publications}},
  location = {Standford},
  author = {Gries, Stefan Th. and Stefanowitsch, Anatol},
  editor = {Rice, Sally and Newman, John},
  date = {2010},
  pages = {73--90}
}

@article{Gries.2013,
  title = {50-Something Years of Work on Collocations},
  volume = {18},
  doi = {10.1075/ijcl.18.1.09gri},
  number = {1},
  journaltitle = {International Journal of Corpus Linguistics},
  author = {Gries, Stefan Th.},
  date = {2013},
  pages = {137--165}
}

@book{Gries.2003,
  location = {{New York, London}},
  title = {Multifactorial {{Analysis}} in {{Corpus Linguistics}}},
  publisher = {{Continuum}},
  author = {Gries, Stefan Th.},
  date = {2003}
}

@collection{Gries.2012a,
  location = {{Berlin, Boston}},
  title = {Frequency Effects in Language Representation},
  publisher = {{De Gruyter Mouton}},
  editor = {Gries, Stefan Th. and Divjak, Dagmar},
  date = {2012}
}

@article{Gries.2004,
  title = {Extending Collostructional Analysis: {{A}} Corpus-Based Perspective on 'Alternations'},
  volume = {9},
  doi = {10.1075/ijcl.9.1.06gri},
  number = {1},
  journaltitle = {International Journal of Corpus Linguistics},
  author = {Gries, Stefan Th. and Stefanowitsch, Anatol},
  date = {2004},
  pages = {97--129}
}

@article{Gurevich.2010,
  title = {Incidental Verbatim Memory for Language},
  volume = {2},
  doi = {10.1515/langcog.2010.003},
  journaltitle = {Language and Cognition},
  author = {Gurevich, Olga and Johnson, Matthew A. and Goldberg, Adele E.},
  date = {2010},
  pages = {45--78}
}

@article{Haspelmath.2011,
  title = {The Indeterminacy of Word Segmentation and the Nature of Morphology and Syntax},
  volume = {45},
  doi = {10.1515/flin.2011.002},
  number = {1},
  journaltitle = {Folia Linguistica},
  author = {Haspelmath, Martin},
  date = {2011-01},
  pages = {31--80}
}

@article{Hay.2006,
  title = {Spoken Syntax: {{The}} Phonetics of Giving a Hand in {{New Zealand English}}},
  volume = {23},
  doi = {10.1515/TLR.2006.013},
  number = {3},
  journaltitle = {The Linguistic Review},
  author = {Hay, Jennifer and Bresnan, Joan},
  date = {2006},
  pages = {321--349}
}

@book{Itkonen.2005,
  location = {{Amsterdam, Philadelphia}},
  title = {Analogy as {{Structure}} and {{Process}}},
  publisher = {{John Benjamins}},
  author = {Itkonen, Esa},
  date = {2005}
}

@article{Kapatsinski.2013,
  title = {Conspiring to {{Mean}}: {{Experimental}} and {{Computational Evidence}} for a {{Usage}}-{{Based Harmonic Approach}} to {{Morphophonology}}},
  volume = {89},
  doi = {10.1353/lan.2013.0003},
  number = {1},
  journaltitle = {Language},
  author = {Kapatsinski, Vsevolod},
  date = {2013},
  pages = {110--148}
}

@incollection{Kapatsinski.2012,
  location = {{Berlin, Boston}},
  title = {What Statistics Do Learners Track? {{Rules}}, Constraints and Schemas in (Artificial) Grammar Learning},
  booktitle = {Frequency Effects in Language Learning and Processing},
  publisher = {{De Gruyter Mouton}},
  author = {Kapatsinski, Vsevolod},
  editor = {Gries, Stefan Th. and Divjak, Dagmar},
  date = {2012},
  pages = {53--82}
}

@article{Kapatsinski.2014a,
  title = {What Is Grammar like? {{A}} Usage-Based Constructionist Perspective},
  volume = {11},
  number = {1},
  journaltitle = {Linguistic Issues in Language Technology},
  author = {Kapatsinski, Vsevolod},
  date = {2014},
  pages = {1--41}
}

@article{Mereu.2015,
  title = {Florent, {{Perek}}: {{Argument}} Structure in Usage-Based {{Construction Grammar}}},
  volume = {53},
  doi = {10.1515/ling-2015-0036},
  number = {6},
  journaltitle = {Linguistics},
  author = {Mereu, Lunella},
  date = {2015-01},
  pages = {1433--1441}
}

@article{Meurers.2007,
  title = {Corpora and {{Syntax}}},
  volume = {2},
  doi = {10.1515/9783110213881.2.920},
  journaltitle = {Corpus linguistics},
  author = {Meurers, Walt Detmar and Müller, Stefan},
  date = {2007},
  pages = {920--933}
}

@article{MoscosodelPradoMartin.2004a,
  title = {Putting the Bits Together: {{An}} Information Theoretical Perspective on Morphological Processing},
  volume = {94},
  doi = {10.1016/j.cognition.2003.10.015},
  journaltitle = {Cognition},
  author = {Moscoso del Prado Martín, Fermín and Kostić, Aleksandar and Baayen, R. Harald},
  date = {2004},
  pages = {1--18},
}

@book{Muller.2013,
  title = {Grammatiktheorie},
  location = {Tübingen},
  publisher = {{Stauffenburg Verlag}},
  author = {Müller, Stefan},
  date = {2010}
}

@article{Muller.2006,
  title = {Phrasal or {{Lexical Constructions}}?},
  volume = {82},
  number = {4},
  journaltitle = {Language},
  author = {Müller, Stefan},
  date = {2006},
  pages = {850--883}
}

@article{Muller.2013a,
  title = {Unifying Everything: {{Some}} Remarks on Simpler Syntax, Construction Grammar, Minimalism, and {{HPSG}}},
  volume = {89},
  doi = {10.1353/lan.2013.0061},
  journaltitle = {Language},
  author = {Müller, Stefan},
  date = {2013},
  pages = {920--950}
}

@inproceedings{Muller.2007,
  title = {Phrasal or {{Lexical Constructions}} : {{Some Comments}} on {{Underspecification}} of {{Constituent Order}} , {{Compositionality}} , and {{Control}}},
  booktitle = {Proceedings of the 14th {{International Conference}} on {{Head}}-{{Driven Phrase Structure Grammar}}},
  publisher = {{CSLI Publications}},
  author = {Müller, Stefan},
  editor = {Müller, Stefan},
  date = {2007},
  pages = {373--393}
}

@article{Muller.2010,
  title = {Persian Complex Predicates and the Limits of Inheritance-Based Analyses},
  volume = {46},
  doi = {10.1017/S0022226709990284},
  number = {3},
  journaltitle = {Journal of Linguistics},
  author = {Müller, Stefan},
  date = {2010},
  pages = {601--655}
}

@article{Muller.2014,
  title = {Lexical Approaches to Argument Structure},
  volume = {40},
  doi = {10.1515/tl-2014-0001},
  journaltitle = {Theoretical Linguistics},
  author = {Müller, Stefan and Wechsler, Stephen},
  date = {2014},
  pages = {1--76}
}

@article{Pecina.2010,
  title = {Lexical Association Measures and Collocation Extraction},
  volume = {44},
  doi = {10.1007/s10579-009-9101-4},
  issue = {1-2},
  journaltitle = {Language Resources and Evaluation},
  author = {Pecina, Pavel},
  date = {2010},
  pages = {137--158}
}

@book{Pecina.2009,
  location = {{Praha, Czech Republic}},
  title = {Collocation {{Extraction and Theoretical Linguistics}}},
  publisher = {{Institute of Formal and Applied Linguistics, Charles University in Prague}},
  author = {Pecina, Pavel},
  date = {2009}
}

@inproceedings{Port.2010,
  title = {Forget about Phonems: {{Language}} Processing with Rich Memory},
  booktitle = {Proceedings of the InterSpeech 2010},
  author = {Port, Robert},
  date = {2010}
}

@article{Port.2010a,
  title = {Rich Memory and Distributed Phonology},
  volume = {32},
  doi = {10.1016/j.langsci.2009.06.001},
  number = {1},
  journaltitle = {Language Sciences},
  author = {Port, Robert F},
  date = {2010},
  pages = {43--55}
}

@thesis{Richter.2000,
  title = {A Mathematical Formalism for Linguistic Theories with an Application in {{Head}}-{{Driven Phrase Structure Grammar}}},
  url = {https://bibliographie.uni-tuebingen.de/xmlui/handle/10900/46230},
  institution = {{Universität Tübingen}},
  author = {Richter, Frank},
  date = {2000}
}

@article{Roelofs.2002,
  title = {Morphology by Itself in Planning the Production of Spoken Words},
  volume = {9},
  number = {1},
  journaltitle = {Psychonomic Bulletin \& Review},
  author = {Roelofs, Ardi and Baayen, R. Harald},
  date = {2002},
  pages = {132--138}
}

@article{Sag.2008,
  title = {English {{Filler}}-{{Gap Constructions}}},
  author = {Sag, Ivan A.},
  date = {2008}
}

@article{Sag.1997,
  title = {English Relative Clause Constructions},
  volume = {33},
  doi = {10.1017/S002222679700652X},
  number = {2},
  journaltitle = {Journal of Linguistics},
  author = {Sag, Ivan A.},
  date = {1997},
  pages = {431--483}
}

@incollection{Sag.2012,
  title = {Introducing Sign-Based Construction Grammar},
  booktitle = {Sign-{{Based Construction Grammar}}},
  publisher = {{Wiley}},
  author = {Sag, Ivan A. and Boas, Hans C. and Kay, Paul},
  editor = {Hans C. Boas, Ivan A. Sag},
  date = {2012},
  pages = {69--202}
}

@incollection{Sag.2011,
  title = {Performance-{{Compatible Competence Grammar}}},
  booktitle = {Non-{{Transformational Syntax}}: {{Formal}} and {{Explicit Models}} of {{Grammar}}},
  publisher = {{Wiley}},
  author = {Sag, Ivan A. and Wasow, Thomas},
  editor = {R. D. Borsley, K. Börjars},
  date = {2011},
  pages = {359--377}
}

@article{Sag.,
  title = {Flexible {{Processing}} and the {{Design}} of {{Grammar}}},
  doi = {10.1007/s10936-014-9332-4},
  author = {Sag, Ivan A. and Wasow, Thomas and Borsley, Bob and Carpenter, Bob and Clark, Herb and Copestake, Ann and Eckert, Penny and Flickinger, Dan and Hobbs, Jerry and Kaplan, Ron and Kay, Martin and Kay, Paul and Lascarides, Alex and Liberman, Mark and Pereira, Fernando and Rumelhart, Dave and Shieber, Stuart and Tanenhaus, Mike},
  pages = {1--19}
}

@article{Schwenter.2008,
  title = {Defaults and Indeterminacy in Temporal Grammaticalization: {{The}} ‘Perfect’ Road to Perfective},
  volume = {20},
  doi = {10.1017/S0954394508000057},
  issue = {01},
  journaltitle = {Language Variation and Change},
  author = {Schwenter, Scott A. and Cacoullos, Rena Torres},
  date = {2008},
  pages = {1--39}
}

@book{Seretan.2011,
  title = {Syntax-{{Based Collocation Extraction}}},
  location = {Dordrecht},
  volume = {44},
  pagetotal = {212},
  publisher = {{Springer1}},
  author = {Seretan, Violeta},
  date = {2011}
}

@book{Sinclair.1991,
  title = {Corpus, {{Concordance}}, {{Collocation}}},
  location = {Shanghai},
  pagetotal = {179},
  publisher = {{Oxford University Press}},
  author = {Sinclair, John McHardy},
  date = {1991}
}

@book{Sinclair.2004,
  title = {English Collocation Studies: {{The OSTI}} Report},
  location = {Birmingham},
  publisher = {{Bloomsbury Publishing}},
  author = {Sinclair, John McHardy and Jones, Susan and Daley, Robert},
  date = {2004}
}

@inproceedings{Soehn.2004,
  title = {License to {{COLL}}. {{How}} to Bind Bound Words and Readings to Their Contexts},
  booktitle = {Proceedings of the 11th {{International Conference}} on {{Head}}-{{Driven Phrase Structure Grammar}}},
  publisher = {{CSLI Publications}},
  author = {Soehn, Jan-Philipp},
  editor = {Müller, Stefan},
  date = {2004},
  pages = {261--273}
}

@article{Steels.2006,
  title = {Unify and {{Merge}} in {{Fluid Construction Grammar}}},
  doi = {10.1007/11880172_16},
  journaltitle = {Eelc 2006},
  author = {Steels, Luc and De Beule, Joachim},
  date = {2006},
  pages = {197--223}
}

@incollection{Stefanowitsch.2011,
  location = {{Amsterdam, Philadelphia}},
  title = {The Goal Bias in the Encoding of Motion Events},
  booktitle = {Motivation in {{Grammar}} and the {{Lexicon}}},
  publisher = {{John Benjamins}},
  author = {Stefanowitsch, Anatol and Rohde, Ada},
  editor = {Panther, Klaus-Uwe and Radden, Günter},
  date = {2011},
  pages = {249--268}
}

@article{Stefanowitsch.2006,
  title = {Negative Evidence and the Raw Frequency Fallacy},
  volume = {2},
  doi = {10.1515/CLLT.2006.003},
  number = {1},
  journaltitle = {Corpus Linguistics and Linguistic Theory},
  author = {Stefanowitsch, Anatol},
  date = {2006},
  pages = {61--77}
}

@article{Stefanowitsch.2005,
  title = {Covarying Collexemes},
  volume = {1},
  number = {1},
  journaltitle = {Corpus Linguistics and Linguistic Theory},
  author = {Stefanowitsch, Anatol and Gries, Stefan Th.},
  date = {2005},
  pages = {1--43}
}

@article{Stefanowitsch.2009,
  title = {Bedeutung Und {{Gebrauch}} in Der {{Konstruktionsgrammatik}}. {{Wie}} Kompositionell Sind Modale {{Infinitive}} Im {{Deutschen}}?},
  volume = {37},
  doi = {10.1515/ZGL.2009.036},
  journaltitle = {Zeitschrift fur Germanistische Linguistik},
  author = {Stefanowitsch, Anatol},
  date = {2009},
  pages = {565--592}
}

@article{Stefanowitsch.2003,
  title = {Collostructions: {{Investigating}} the Interaction of Words and Constructions},
  volume = {8},
  doi = {10.1075/ijcl.8.2.03ste},
  number = {2},
  journaltitle = {International Journal of Corpus Linguistics},
  author = {Stefanowitsch, Anatol and Gries, Stefan Th.},
  date = {2003},
  pages = {209--243}
}

@article{Stefanowitsch.1999,
  title = {The Goal Bias in the Encoding of Motion Events},
  author = {Stefanowitsch, Anatol and Rohde, Ada},
  date = {1999}
}

@inproceedings{Alqurashi.2015,
  location = {{Stanford, CA}},
  title = {An {{Analysis}} of {{Simple}} and {{Construct}}-{{State Noun Phrases}} in {{Modern Standard Arabic}}},
  booktitle = {Proceedings of the 22nd {{International Conference}} on {{Head}}-{{Driven Phrase Structure Grammar}}, {{Nanyang Technological University}} ({{NTU}}), {{Singapore}}},
  publisher = {{CSLI Publications}},
  author = {Alqurashi, Issa S.},
  editor = {Müller, Stefan},
  date = {2015},
  pages = {6--26}
}

@incollection{Baayen.2007,
  location = {{Amsterdam}},
  title = {Storage and Computation in the Mental Lexicon},
  booktitle = {Mental Lexicon Core Perspectives},
  publisher = {{Elsevier}},
  author = {Baayen, R. Harald},
  editor = {Jarema, Gonia and Libben, Gary},
  date = {2007},
  pages = {81--104}
}

@article{Baayen.2013,
  title = {Making Choices in {{Russian}}: {{Pros}} and Cons of Statistical Methods for Rival Forms},
  volume = {37},
  doi = {10.1007/s11185-013-9118-6},
  journaltitle = {Russian Linguistics},
  author = {Baayen, R. Harald and Endresen, Anna and Janda, Laura A. and Makarova, Anastasia and Nesset, Tore},
  date = {2013},
  pages = {253--291}
}

@inproceedings{Baayen.2013a,
  title = {Sidestepping the Combinatorial Explosion: {{Towards}} a Processing Model Based on Discriminative Learning},
  booktitle = {Empirically Examining Parsimony and Redundancy in Usage-Based Models, {{LSA Workshop}}},
  author = {Baayen, R. Harald and Hendrix, Peter},
  date = {2013}
}

@article{Baayen.2011a,
  title = {An Amorphous Model for Morphological Processing in Visual Comprehension Based on Naive Discriminative Learning.},
  volume = {118},
  doi = {10.1037/a0023851},
  number = {3},
  journaltitle = {Psychological review},
  author = {Baayen, R. Harald and Milin, Petar and Đurđević, Dusica Filipović and Hendrix, Peter and Marelli, Marco},
  date = {2011-07},
  pages = {438--81}
}

@article{Baayen.2011,
  title = {Corpus Linguistics and Naive Discriminative Learning},
  volume = {12},
  number = {2},
  journaltitle = {Revista Brasileira de Linguística Aplicada},
  date = {2011},
  pages = {295--328},
  author = {Baayen, R. Harald},
}

@article{Baayen.2010,
  title = {Demythologizing the Word Frequency Effect: {{A}} Discriminative Learning Perspective},
  volume = {5},
  number = {3},
  journaltitle = {The Mental Lexicon},
  date = {2010},
  pages = {436--461},
  author = {Baayen, R. Harald},
}

@article{Benavoli.2014,
  title = {A {{Bayesian Wilcoxon}} Signed-Rank Test Based on the {{Dirichlet}} Process},
  volume = {32},
  journaltitle = {Proceedings of the 31 International Conference on Machin Learning},
  author = {Benavoli, Alessio and Mangili, Francesca and Corani, Giorgio and Zaffalon, Marco and Ruggeri, Fabrizio},
  date = {2014},
  pages = {9--17}
}

@article{Blevins.2003,
  title = {Stems and Paradigms},
  url = {http://muse.jhu.edu/journals/language/v079/79.4blevins.html},
  journaltitle = {Language},
  author = {Blevins, James P.},
  date = {2003}
}

@article{Blevins.2013,
  title = {The Information-Theoretic Turn},
  volume = {46},
  doi = {10.2298/PSI1304355B},
  number = {3},
  journaltitle = {Psihologija},
  author = {Blevins, James P.},
  date = {2013},
  pages = {355--375}
}

@article{Blevins.2006a,
  title = {Word-Based Morphology},
  volume = {42},
  number = {3},
  journaltitle = {Journal of Linguistics},
  author = {Blevins, James P.},
  date = {2006},
  pages = {531--573}
}

@book{Blevins.2009,
  location = {{Oxford, New York}},
  title = {Analogy in {{Grammar}}. {{Form}} and {{Acquisition}}},
  publisher = {{Oxford University Press}},
  author = {Blevins, James P. and Blevins, Juliette},
  date = {2009}
}

@collection{Boas.2012,
  location = {{Stanford}},
  title = {Sign-{{Based Construction Grammar}}},
  publisher = {{CSLI Publications/Center for the Study of Language and Information}},
  editor = {Boas, Hans Christian and Sag, Ivan A.},
  date = {2012}
}

@article{Booij.2010a,
  title = {Construction {{Morphology}}},
  volume = {4},
  number = {7},
  journaltitle = {Language and Linguistics Compass},
  author = {Booij, Geert E.},
  date = {2010},
  pages = {543--555}
}

@incollection{Bouma.2000,
  location = {{Dordrecht}},
  title = {Constraint-Based Lexica},
  booktitle = {Lexicon Development for Speech and Language Processing},
  publisher = {{Springer}},
  author = {Bouma, Gosse and Eynde, Frank Van and Flickinger, Dan},
  editor = {Eynde, Frank Van and Gibbon, Dafydd},
  date = {2000},
  pages = {43--75}
}

@article{Bouma.2001,
  title = {Satisfying Constraints on Adjunction and Extraction},
  volume = {19},
  journaltitle = {Natural Language and Linguistic Theory},
  author = {Bouma, Gosse and Malouf, Robert and Sag, Ivan A.},
  date = {2001},
  pages = {1--65}
}

@article{Bresnan.2007,
  title = {Predicting the Dative Alternation},
  journaltitle = {Cognitive foundations of interpretation},
  author = {Bresnan, Joan and Cueni, Anna and Nikitina, Tatiana and Baayen, R. Harald},
  date = {2007},
  pages = {69--94}
}

@article{Bresnan.2008,
  title = {Gradient Grammar: {{An}} Effect of Animacy on the Syntax of Give in {{New Zealand}} and {{American English}}},
  volume = {118},
  doi = {10.1016/j.lingua.2007.02.007},
  journaltitle = {Lingua},
  author = {Bresnan, Joan and Hay, Jennifer},
  date = {2008},
  pages = {245--259}
}

@book{Bybee.2010,
  location = {{Cambridge}},
  title = {Language, Usage and Cognition},
  pagetotal = {262},
  publisher = {{Cambridge University Press}},
  author = {Bybee, Joan L.},
  date = {2010}
}

@article{Bybee.1982,
  title = {Rules and {{Schemas}} in the {{Development}} and {{Use}} of the {{English}} Past {{Tense}}},
  volume = {58},
  number = {2},
  journaltitle = {Language},
  author = {Bybee, Joan L. and Slobin, Dan I.},
  date = {1982},
  pages = {265--289}
}

@inproceedings{Choueka.1988,
  title = {Looking for Needles in a Haystack or Locating Interesting Collocational Expressions in Large Textual Databases},
  url = {http://cat.inist.fr/?aModele=afficheN&cpsidt=7104181},
  booktitle = {Proceedings of the 2nd International Conference on Computer-Assisted Information {{Retrieval}} ({{RIA}} '88)},
  publisher = {{CID}},
  author = {Choueka, Yaacov},
  date = {1988},
  pages = {609--623}
}

@book{Croft.2004,
  location = {{Cambridge, MA}},
  title = {Cognitive Linguistics},
  publisher = {{Cambridge University Press}},
  author = {Croft, William and Cruse, Alan D.},
  date = {2004}
}

@online{Davis.2002,
  title = {Corpus Del {{Español}}: 100 Million Words, 1200s-1900s},
  url = {http://www.corpusdelespanol.org.},
  author = {Davies, Mark},
  urldate = {2016-06-07},
  date = {2002}
}

@book{Thomasello.2005,
  title = {Constructing a {{Language}}: A Usage-Based Theory of Language Acquisition},
  location = {Cambridge},
  author = {Thomasello, Michael},
  date = {2005}
}

@book{Tomasello.2003,
  title = {The New Psychology of Language: {{Cognitive}} and Functional Approaches to Language Structure ({{Volume II}})},
  location = {Hoboken},
  author = {Tomasello, Michael},
  date = {2003}
}

@article{Tomasello.2006,
  title = {Construction {{Grammar For Kids}}},
  volume = {2006},
  number = {1999},
  journaltitle = {Constructions},
  author = {Tomasello, Michael},
  date = {2006},
  pages = {1--23}
}

@article{Wiechmann.2008,
  title = {On the Computation of Construction Strength: {{Testing}} Measures of Association as Expressions of Lexical Bias},
  volume = {4},
  doi = {10.1515/CLLT.2008.011},
  number = {2},
  journaltitle = {Corpus Linguistics and Linguistic Theory},
  author = {Wiechmann, Daniel},
  date = {2008},
  pages = {253--290}
}

@book{Katz.1997,
  location = {{Massachusetts}},
  title = {Realistic Rationalism},
  publisher = {{Mit Press}},
  author = {Katz, Jerrold J.},
  date = {1997}
}

@book{Quine.1987,
  title = {Quiddities},
  publisher = {{Harvard University Press}},
  author = {Quine, Willard Van Orman},
  date = {1987}
}

@article{Postal.2009,
  title = {The Incoherence of {{Chomsky}}’s ‘Biolinguistic’Ontology},
  volume = {3},
  number = {1},
  journaltitle = {Biolinguistics},
  author = {Postal, Paul M.},
  date = {2009},
  pages = {104--123}
}

@book{Peirce.1958a,
  location = {{Cam-bridge, MA}},
  title = {Collected {{Papers}} of {{Charles Sanders Peirce}}},
  volume = {4},
  publisher = {{Harvard University Press}},
  author = {Peirce, Charles Sanders},
  date = {1958}
}

@article{Katz.1991,
  title = {Realism vs. Conceptualism in Linguistics},
  volume = {14},
  number = {5},
  journaltitle = {Linguistics and Philosophy},
  author = {Katz, Jerrold J. and Postal, Paul M.},
  date = {1991},
  pages = {515--554}
}

@article{Resnik.1996,
  title = {Selectional Constraints: {{An}} Information-Theoretic Model and Its Computational Realization},
  volume = {61},
  number = {1},
  journaltitle = {Cognition},
  author = {Resnik, Philip},
  date = {1996},
  pages = {127--159}
}

@article{McDonald.2001,
  title = {Rethinking the Word Frequency Effect: {{The}} Neglected Role of Distributional Information in Lexical Processing},
  volume = {44},
  number = {3},
  journaltitle = {Language and Speech},
  author = {McDonald, Scott A. and Shillcock, Richard C.},
  date = {2001},
  pages = {295--322}
}

@inproceedings{Hindle.1990,
  title = {Noun Classification from Predicate-Argument Structures},
  booktitle = {Proceedings of the 28th Annual Meeting on {{Association}} for {{Computational Linguistics}}},
  publisher = {{Association for Computational Linguistics}},
  author = {Hindle, Donald},
  date = {1990},
  pages = {268--275}
}

@inproceedings{Lin.1998,
  title = {Extracting Collocations from Text Corpora},
  booktitle = {First Workshop on Computational Terminology},
  publisher = {{Citeseer}},
  author = {Lin, Dekang},
  date = {1998},
  pages = {57--63}
}

@article{Schafer.2015,
  title = {Processing and Querying Large Web Corpora with the {{COW14}} Architecture},
  journaltitle = {Challenges in the Management of Large Corpora (CMLC-3)},
  author = {Schäfer, Roland},
  date = {2015},
  pages = {28}
}

@article{Arnon.2010,
  title = {More than Words: {{Frequency}} Effects for Multi-Word Phrases},
  volume = {62},
  number = {1},
  journaltitle = {Journal of Memory and Language},
  author = {Arnon, Inbal and Snider, Neal},
  date = {2010},
  pages = {67--82}
}

@article{Hayes.2008,
  title = {A Maximum Entropy Model of Phonotactics and Phonotactic Learning},
  volume = {39},
  number = {3},
  journaltitle = {Linguistic inquiry},
  author = {Hayes, Bruce and Wilson, Colin},
  date = {2008},
  pages = {379--440}
}

@book{Skousen.1989,
  title = {Analogical Modeling of Language},
  location = {Dordrecht},
  publisher = {{Springer Science \& Business Media}},
  author = {Skousen, Royal},
  date = {1989}
}

@book{Skousen.2002,
  title = {Analogical Modeling: {{An}} Exemplar-Based Approach to Language},
  volume = {10},
  publisher = {{John Benjamins}},
  location = {Amsterdam},
  author = {Skousen, Royal and Lonsdale, Deryle and Parkinson, Dilworth B.},
  date = {2002}
}

@article{Bonami.2015,
  title = {Periphrasis as Collocation},
  volume = {25},
  number = {1},
  journaltitle = {Morphology},
  author = {Bonami, Olivier},
  date = {2015},
  pages = {63--110}
}

@article{Nakagawa.2013,
  title = {A General and Simple Method for Obtaining {{{\emph{R}}}} {\textsuperscript{2}} from Generalized Linear Mixed-Effects Models},
  volume = {4},
  doi = {10.1111/j.2041-210x.2012.00261.x},
  langid = {english},
  number = {2},
  journaltitle = {Methods in Ecology and Evolution},
  author = {Nakagawa, Shinichi and Schielzeth, Holger},
  editor = {O'Hara, Robert B.},
  date = {2013-02},
  pages = {133--142}
}

@inproceedings{Bonami.,
  location = {{Berlin}},
  title = {Morphotactics in an {{Information}}-{{Based Model}} of {{Realisational Morphology}}},
  booktitle = {Proceedings of the 20th {{International Conference}} on {{Head}}-{{Driven Phrase Structure Grammar}}},
  publisher = {{CSLI Publications}},
  author = {Bonami, Olivier and Crysmann, Berthold},
  editor = {Müller, Stefan},
  date = {2013},
  pages = {27--47}
}

@incollection{Bonami.2015a,
  location = {{Cambridge}},
  title = {Morphology in {{Constraint}}-Based Lexicalist Approaches to Grammar},
  booktitle = {Cambridge {{Handbook}} of {{Morphology}}},
  publisher = {{Cambridge University Press}},
  author = {Bonami, Olivier and Crysmann, Berthold},
  editor = {Hippisley, Andrew and Stump, Gregory T.},
  date = {2015}
}

@book{Croft.2001,
  location = {{Oxford}},
  title = {Radical Construction Grammar: {{Syntactic}} Theory in Typological Perspective},
  publisher = {{Oxford University Press}},
  author = {Croft, William},
  date = {2001}
}

@article{Zubin.,
  title = {Sechs {{Prinzipien}} Für Die {{Genuszuweisung}} Im {{Deutschen}}: {{Ein Beitrag}} Zur Natürlichen {{Klassifikation}}},
  author = {Zubin, David A.}
}

@article{Kopcke.1988,
  title = {Schemas in {{German}} Plural Formation},
  volume = {74},
  number = {4},
  journaltitle = {Lingua},
  author = {Köpcke, Klaus-Michael},
  date = {1988},
  pages = {303--335}
}

@article{Kopcke.1998,
  title = {The Acquisition of Plural Marking in {{English}} and {{German}} Revisited: Schemata versus Rules},
  volume = {25},
  issue = {02},
  journaltitle = {Journal of child language},
  author = {Köpcke, Klaus-Michael},
  date = {1998},
  pages = {293--319}
}

@article{Arndt-Lappe.2011,
  title = {Towards an Exemplar-Based Model of Stress in {{English}} Noun–noun Compounds},
  volume = {47},
  issue = {03},
  journaltitle = {Journal of Linguistics},
  author = {Arndt-Lappe, Sabine},
  date = {2011},
  pages = {549--585}
}

@book{Skousen.2013,
  title = {Analogy and Structure},
  location = {Dordrecht},
  publisher = {{Springer Science \& Business Media}},
  author = {Skousen, Royal},
  date = {2013}
}

@article{Eddington.2004,
  title = {Issues in Modeling Language Processing Analogically},
  volume = {114},
  number = {7},
  journaltitle = {Lingua},
  author = {Eddington, David},
  date = {2004},
  pages = {849--871}
}

@book{Daelemans.2005,
  location = {{Cambridge}},
  title = {Memory-Based Language Processing},
  publisher = {{Cambridge University Press}},
  author = {Daelemans, Walter and Van den Bosch, Antal},
  date = {2005}
}

@incollection{Rainer.2013,
  location = {{A Coruña}},
  title = {Formación de Palabras y Analogías: Aspectos Diacrónicos},
  number = {19},
  booktitle = {Formación de Palabras y Diacronía},
  series = {Anexos Revista de Lexicografía},
  publisher = {{Servicio de Publicaciones}},
  author = {Rainer, Franz},
  editor = {Pujol Payet, Isabel},
  date = {2013},
  pages = {141--172}
}

@book{Bauer.1983,
  location = {{Cambridge}},
  title = {English Word-Formation},
  publisher = {{Cambridge university press}},
  author = {Bauer, Laurie},
  date = {1983}
}

@book{Bauer.2001,
  location = {{Cambridge}},
  title = {Morphological Productivity},
  volume = {95},
  publisher = {{Cambridge University Press}},
  author = {Bauer, Laurie},
  date = {2001}
}

@book{Bauer.2003,
  location = {{Washington, D. C.}},
  title = {Introducing Linguistic Morphology},
  publisher = {{Georgetown University Press}},
  author = {Bauer, Laurie},
  date = {2003}
}

@incollection{Butterworth.1983,
  location = {{London}},
  title = {Lexical Representation},
  volume = {II: Development, writing, and other language processes},
  booktitle = {Language Production},
  publisher = {{Academic Press}},
  author = {Butterworth, Brian},
  editor = {Butterworth, Brian},
  date = {1983},
  pages = {257--294}
}

@incollection{Motsch.1977,
  title = {Ein {{Plädoyer}} Für Die {{Beschreibung}} von {{Wortbildungen}} Auf Der {{Grundlage}} Des {{Lexikons}}},
  booktitle = {Perspektiven Der {{Wortbildungsforschung}}},
  author = {Motsch, Wolfgang},
  editor = {Brekle, Herbert Ernst and Dieter, Kastovsky},
  date = {1977},
  pages = {180--202}
}

@book{Anttila.1977,
  location = {{Berlin}},
  title = {Analogy},
  publisher = {{Mouton de Gruyter}},
  author = {Anttila, Raimo},
  date = {1977}
}

@article{Saldanya.2005,
  title = {Catalan Morphology and Low-Level Patterns in a Network Model},
  volume = {4},
  journaltitle = {Catalan journal of linguistics},
  author = {Saldanya, Manuel Pérez and Vallès, Teresa},
  date = {2005},
  pages = {199--223}
}

@article{Kapatsinski.2010,
  title = {What Is It {{I}} Am Writing? {{Lexical}} Frequency Effects in Spelling {{Russian}} Prefixes: {{Uncertainty}} and Competition in an Apparently Regular System},
  volume = {6},
  number = {2},
  journaltitle = {Corpus Linguistics and Linguistic Theory},
  author = {Kapatsinski, Vsevolod},
  date = {2010},
  pages = {157--215}
}

@article{OBryan.1974,
  title = {The Role of Analogy in Non-Derived Formations in {{Zulu}}},
  volume = {4},
  journaltitle = {Studies in the Linguistic Sciences},
  author = {O’Bryan, Margie},
  date = {1974},
  pages = {144--178}
}

@book{Valles.2004,
  location = {{Barcelona}},
  title = {La Creativitat Lèxica En Un Model Basat En l'ús: Una Aproximació Cognitiva a La Neologia i La Productivitat},
  volume = {48},
  publisher = {{L'Abadia de Montserrat}},
  author = {Vallès, Teresa},
  date = {2004}
}

@article{Czaplicki.2013,
  title = {Arbitrariness in Grammar: {{Palatalization}} Effects in {{Polish}}},
  volume = {123},
  doi = {10.1016/j.lingua.2012.10.002},
  journaltitle = {Lingua},
  shortjournal = {Lingua},
  author = {Czaplicki, Bartłomiej},
  urldate = {2016-06-21},
  date = {2013},
  pages = {31--57}
}

@article{Schlucker.2011,
  title = {Compound or Phrase? {{Analogy}} in Naming},
  volume = {121},
  number = {9},
  journaltitle = {Lingua},
  author = {Schlücker, Barbara and Plag, Ingo},
  date = {2011},
  pages = {1539--1551}
}

@incollection{Albright.2008,
  location = {{Oxford}},
  title = {Explaining Universal Tendencies and Language Particulars in Analogical  Change},
  booktitle = {Linguistic Universals and Language Change},
  publisher = {{Oxford University Press}},
  author = {Albright, Adam},
  editor = {Good, Jeff},
  date = {2008},
  pages = {144--184}
}

@book{Stump.2001,
  location = {{Cambridge}},
  title = {Inflectional Morphology: {{A}} Theory of Paradigm Structure},
  volume = {93},
  publisher = {{Cambridge University Press}},
  author = {Stump, Gregory T.},
  date = {2001}
}

@article{Beuls.2012,
  title = {Inflectional Patterns as Constructions: {{Spanish}} Verb Morphology in {{Fluid Construction Grammar}}},
  volume = {4},
  doi = {10.1075/cf.4.2.04beu},
  shorttitle = {Inflectional Patterns as Constructions},
  number = {2},
  journaltitle = {Constructions and Frames},
  shortjournal = {Constructions and Frames},
  author = {Beuls, Katrien},
  date = {2012-01-01},
  pages = {231--252}
}

@book{Becker.1990,
  location = {{München}},
  title = {Analogie Und Morphologische {{Theorie}}},
  number = {11},
  series = {Studien zur Theoretischen Linguistik},
  publisher = {{Fink}},
  author = {Becker, Thomas},
  date = {1990}
}

@book{Aronoff.1994,
  location = {{Massachusetts}},
  title = {Morphology by Itself: {{Stems}} and Inflectional Classes},
  publisher = {{MIT press}},
  author = {Aronoff, Mark},
  date = {1994}
}

@unpublished{Rosenmeyer.2016,
  location = {{Ghent}},
  title = {Priming and {{Frequency}} in {{Language Change}}. {{The Spanish Past Subjunctive}}},
  url = {https://www.academia.edu/25633024/Priming_and_Frequency_in_Language_Change._The_Spanish_Past_Subjunctive},
  eventtitle = {{{NWASV2}}},
  author = {Rosenmeyer, Malte and Schwenter, Scott A.},
  urldate = {2016-06-20},
  date = {2016-05-20}
}

@article{GuzmanNaranjo.,
  title = {The Se-Ra {{Alternation}} in {{Spanish Subjunctive}}},
  doi = {10.1515/cllt-2015-0017},
  journaltitle = {Corpus Linguistics and Linguistic Theory},
  author = {Guzmán Naranjo, Matías},
  date = {In press}
}

@article{Siyanova-Chanturia.2011,
  title = {Seeing a Phrase “Time and Again” Matters: {{The}} Role of Phrasal Frequency in the Processing of Multiword Sequences},
  volume = {37},
  number = {3},
  journaltitle = {Journal of Experimental Psychology: Learning, Memory, and Cognition},
  author = {Siyanova-Chanturia, Anna and Conklin, Kathy and Van Heuven, Walter JB},
  date = {2011},
  pages = {776--784}
}

@article{Shaoul.2013,
  title = {The Subjective Frequency of Word N-Grams},
  volume = {46},
  number = {4},
  journaltitle = {Psihologija},
  author = {Shaoul, Cyrus and Westbury, Chris F. and Baayen, Harald R.},
  date = {2013},
  pages = {497--537}
}

@article{Carrol.2015,
  title = {Eye-Tracking Multi-Word Units: Some Methodological Questions},
  volume = {7},
  number = {5},
  journaltitle = {Journal of Eye Movement Research},
  author = {Carrol, Gareth and Conklin, Kathy},
  date = {2015}
}

@article{Krott.2001,
  title = {Analogy in Morphology: Modeling the Choice of Linking Morphemes in {{Dutch}}},
  volume = {39},
  issue = {1; ISSU 371},
  journaltitle = {Linguistics},
  author = {Krott, Andrea and Baayen, R. Harald and Schreuder, Robert},
  date = {2001},
  pages = {51--94}
}

@article{Ernestus.2003,
  title = {Predicting the Unpredictable: {{Interpreting}} Neutralized Segments in {{Dutch}}},
  journaltitle = {Language},
  author = {Ernestus, Mirjam and Baayen, R. Harald},
  date = {2003},
  pages = {5--38}
}

@book{Hopper.2003,
  location = {{Cambridge}},
  title = {Grammaticalization},
  publisher = {{Cambridge University Press}},
  author = {Hopper, Paul J. and Traugott, Elizabeth C.},
  date = {2003}
}

@article{Noel.2007,
  title = {Diachronic Construction Grammar and Grammaticalization Theory},
  volume = {14},
  number = {2},
  journaltitle = {Functions of language},
  author = {Noël, Dirk},
  date = {2007},
  pages = {177--202}
}

@article{Himmelmann.2004,
  title = {Lexicalization and Grammaticization: {{Opposite}} or Orthogonal},
  journaltitle = {What makes grammaticalization},
  author = {Himmelmann, Nikolaus P.},
  date = {2004},
  pages = {21--42}
}

@incollection{Hoffmann.2004,
  location = {{Amsterdam, Philadelphia}},
  title = {Are Low-Frequency Complex Prepositions Grammaticalized},
  booktitle = {Corpus Approaches to Grammaticalization in {{English}}},
  publisher = {{John Benjamins}},
  author = {Hoffmann, Sebastian},
  editor = {Lindquist, Hans and Mair, Christian},
  date = {2004},
  pages = {171--210}
}

@article{Vrabie.1989,
  title = {On the {{Distribution}} of the {{Neuter Plural Endings}} in {{Modern Standard Romanian}} ({{MSR}})},
  volume = {33},
  doi = {10.2307/308727},
  number = {3},
  journaltitle = {The Slavic and East European Journal},
  shortjournal = {The Slavic and East European Journal},
  author = {Vrabie, Emil},
  date = {1989},
  pages = {400--410}
}

@article{Vrabie.2000,
  title = {Feminine {{Noun Plurals}} in {{Standard Romanian}}},
  volume = {44},
  doi = {10.2307/3086283},
  number = {4},
  journaltitle = {The Slavic and East European Journal},
  shortjournal = {The Slavic and East European Journal},
  author = {Vrabie, Emil},
  date = {2000},
  pages = {537--552}
}

@incollection{Bateman.2010,
  location = {{Cambridge, Massachusetts}},
  title = {Romanian as a Two-Gender Language},
  booktitle = {Hypothesis a/Hypothesis b: {{Linguistic Explorations}} in {{Honor}} of {{David M}}. {{Perlmutter}}},
  series = {Current Studies in Linguistics},
  publisher = {{MIT Press}},
  author = {Bateman, Nicoleta and Polinsky, Maria},
  editor = {Gerdts, Donna B. and Moore, John C. and Polinsky, Maria},
  date = {2010},
  pages = {41--77}
}

@misc{Porter.2001,
  title = {Snowball: {{A}} Language for Stemming Algorithms},
  url = {http://snowball.tartarus.org/texts/introduction.html},
  author = {Porter, Martin F.},
  urldate = {2016-07-26},
  date = {2001}
}

@book{Rainer.1993,
  location = {{Berlin, New York}},
  title = {Spanische {{Wortbildungslehre}}},
  publisher = {{Walter de Gruyter}},
  author = {Rainer, Franz},
  date = {1993}
}

@article{Morin.2010,
  title = {Terminal Letters, Phonemes, and Morphemes in {{Spanish}} Gender Assignment},
  volume = {48},
  number = {1},
  journaltitle = {Linguistics},
  author = {Morin, Regina},
  date = {2010},
  pages = {143--169}
}

@article{Pountain.2006,
  title = {Gender and {{Spanish}} Agentive Suffixes: {{Where}} the Motivated Meets the Arbitrary},
  volume = {83},
  number = {1},
  journaltitle = {Bulletin of Spanish Studies},
  author = {Pountain, Christopher J.},
  date = {2006},
  pages = {19--42}
}

@article{Harris.1991,
  title = {The Exponence of Gender in {{Spanish}}},
  volume = {22},
  number = {1},
  journaltitle = {Linguistic Inquiry},
  author = {Harris, James W.},
  date = {1991},
  pages = {27--62}
}

@book{Falk.1978,
  location = {{New York}},
  edition = {2},
  title = {Linguistics and Language: {{A}} Survey of Basic Concepts and Implications},
  publisher = {{Wiley}},
  author = {Falk, Julia S.},
  date = {1978}
}

@book{Stockwell.1965,
  location = {Chicago},
  title = {The Grammatical Structures of {{English}} and {{Spanish}}},
  volume = {4},
  publisher = {{University of Chicago Press}},
  author = {Stockwell, Robert P. and Bowen, J. Donald and Martin, John W.},
  date = {1965}
}

@book{Bull.1965,
  location = {{Malabar, Fla.}},
  title = {Spanish for Teachers: {{Applied}} Linguistics},
  publisher = {{Krieger Pub Co}},
  author = {Bull, William Emerson},
  date = {1965}
}

@article{Morin.2006,
  title = {Spanish Gender Assignment in Computer and {{Internet}} Related Loanwords},
  volume = {18},
  journaltitle = {Rivista di Linguistica},
  author = {Morin, Regina},
  date = {2006},
  pages = {325--54}
}

@book{Sanchez.1995,
  location = {Lewiston},
  title = {Clasificación y Análisis de Préstamos Del Inglés En La Prensa de {{España}} y {{México}}},
  publisher = {{Edwin Mellen Press}},
  author = {Sánchez, María F.},
  date = {1995}
}

@article{Smead.2000,
  title = {On the Assignment of Gender to {{Chicano}} Anglicisms: {{Processes}} and Results},
  journaltitle = {Bilingual Review/La Revista Bilingüe},
  author = {Smead, Robert N.},
  date = {2000},
  pages = {277--297}
}

@incollection{Plag.2016,
  location = {{Berlin, New York}},
  title = {Derivational Morphology: {{An}} Integrative Perspective on Some Fundamental Questions},
  booktitle = {Word Knowledge and Word Usage: {{A}}  Cross- Disciplinary Guide to the Mental Lexicon},
  publisher = {{De Gruyter Mouton}},
  author = {Plag, Ingo and Balling, Laura Winther},
  editor = {Pirelli, Vito and Plag, Ingo and Dressler, Wlfgang U.},
  date = {2016}
}

@article{Ullman.2001,
  title = {The Declarative/Procedural Model of Lexicon and Grammar},
  volume = {30},
  number = {1},
  journaltitle = {Journal of psycholinguistic research},
  author = {Ullman, Michael T.},
  date = {2001},
  pages = {37--69}
}

@article{Ullman.2004,
  title = {Contributions of Memory Circuits to Language: {{The}} Declarative/Procedural Model},
  volume = {92},
  number = {1},
  journaltitle = {Cognition},
  author = {Ullman, Michael T.},
  date = {2004},
  pages = {231--270}
}

@article{Pinker.2002,
  title = {The Past and Future of the Past Tense},
  volume = {6},
  number = {11},
  journaltitle = {Trends in cognitive sciences},
  author = {Pinker, Steven and Ullman, Michael T.},
  date = {2002},
  pages = {456--463}
}

@incollection{Croft.2003b,
  location = {{Amsterdam, Philadelphia}},
  title = {Lexical Rules vs. Constructions: {{A}} False Dichotomy},
  booktitle = {Motivation in {{Language}}: {{Studies}} in {{Honor}} of {{Günter Radden}}},
  publisher = {{John Benjamins}},
  author = {Croft, William},
  editor = {Cuyckens, Hubert and Berg, Thomas and Dirven, René and Panther, Klaus-Uwe},
  date = {2003},
  pages = {49--68}
}

@book{book:774410,
  location = {Amsterdam, Philadelphia},
  title = {Motivation in {{Language}}: {{Studies}} in {{Honor}} of {{Günter Radden}}},
  series = {Current Issues in Linguistic Theory 243},
  publisher = {{John Benjamins Pub Co}},
  author = {Radden, Gunter},
  date = {2003}
}

@article{Eddington.2002,
  title = {Spanish Gender Assignment in an Analogical Framework},
  volume = {9},
  number = {1},
  journaltitle = {Journal of Quantitative Linguistics},
  author = {Eddington, David},
  date = {2002},
  pages = {49--75}
}

@book{Garcia.2014,
  location = {Madrid},
  title = {Las profesiones en femenino},
  publisher = {{Bubok}},
  author = {García, Jessica Patricia Ramírez},
  date = {2014-11-27}
}

@article{Dominguez.1999,
  title = {The Processing of Grammatical Gender and Number in {{Spanish}}},
  volume = {28},
  number = {5},
  journaltitle = {Journal of Psycholinguistic Research},
  author = {Domínguez, Alberto and Cuetos, Fernando and Segui, Juan},
  date = {1999},
  pages = {485--498}
}

@article{Teschner.1984,
  title = {The Gender Patterns of {{Spanish}} Nouns: {{An}} Inverse Dictionary-Based Analysis},
  volume = {1},
  number = {1},
  journaltitle = {Hispanic Linguistics},
  author = {Teschner, Richard V. and Russell, William M.},
  date = {1984},
  pages = {115--132}
}

@article{Afonso.2014,
  title = {Sublexical and Lexico-Syntactic Factors in Gender Access in {{Spanish}}},
  volume = {43},
  number = {1},
  journaltitle = {Journal of psycholinguistic research},
  author = {Afonso, Olivia and Domínguez, Alberto and Álvarez, Carlos J. and Morales, David},
  date = {2014},
  pages = {13--25}
}

@article{Rosenblat.1962,
  title = {Morfología Del Género En Español: {{Comportamiento}} de Las Terminaciones-o,-A},
  volume = {16},
  issue = {1/2},
  journaltitle = {Nueva Revista de Filología Hispánica},
  author = {Rosenblat, Ángel},
  date = {1962},
  pages = {31--80}
}

@article{Echaide.1969,
  title = {El Género Del Sustantivo En Español: {{Evolución}} y Estructura},
  volume = {1969},
  number = {1},
  journaltitle = {Iberoromania},
  author = {Echaide, Ana María},
  date = {1969},
  pages = {89--124}
}

@book{Juilland.1964,
  location = {{The Hague}},
  title = {Frequency Dictionary of {{Spanish}} Words},
  publisher = {{Mouton}},
  author = {Juilland, Alphonse and Chang-Rodríguez, Eugenio},
  date = {1964}
}

@article{Clegg.2010,
  title = {Native {{Spanish Speaker Intuition}} in {{Noun Gender Assignment}}},
  volume = {12},
  journaltitle = {Language design : journal of theoretical and experimental linguistics},
  author = {Clegg, Jens H.},
  date = {2010},
  pages = {5--18}
}

@article{Matthews.2005,
  title = {French {{Gender Attribution}} on the {{Basis}} of {{Similarity}}: {{A Comparison Between AM}} and {{Connectionist Models}}},
  doi = {10.1080/09296170500055384},
  shorttitle = {French {{Gender Attribution}} on the {{Basis}} of {{Similarity}}},
  langid = {english},
  journaltitle = {Journal of Quantitative Linguistics},
  author = {Matthews, Clive A.},
  date = {2005}
}

@article{Matthews.2010,
  title = {On the Nature of Phonological Cues in the Acquisition of {{French}} Gender Categories: {{Evidence}} from Instance-Based Learning Models},
  volume = {120},
  number = {4},
  journaltitle = {Lingua},
  author = {Matthews, Clive A.},
  date = {2010},
  pages = {879--900}
}

@article{Matthews.2013,
  title = {On the Analogical Modelling of the {{English}} Past-Tense: {{A}} Critical Assessment},
  volume = {133},
  doi = {10.1016/j.lingua.2013.04.002},
  shorttitle = {On the Analogical Modelling of the {{English}} Past-Tense},
  journaltitle = {Lingua},
  shortjournal = {Lingua},
  author = {Matthews, Clive A.},
  date = {2013-09},
  pages = {360--373}
}

@article{Caffarra.2015,
  title = {Is the Noun Ending a Cue to Grammatical Gender Processing? {{An ERP}} Study on Sentences in {{Italian}}},
  volume = {52},
  number = {8},
  journaltitle = {Psychophysiology},
  author = {Caffarra, Sendy and Siyanova‐Chanturia, Anna and Pesciarelli, Francesca and Vespignani, Francesco and Cacciari, Cristina},
  date = {2015},
  pages = {1019--1030}
}

@article{Caffarra.2015a,
  title = {Does the Ending Matter? {{The}} Role of Gender-to-Ending Consistency in Sentence Reading},
  volume = {1605},
  doi = {10.1016/j.brainres.2015.02.018},
  journaltitle = {Brain Research},
  author = {Caffarra, Sendy and Barber, Horacio A.},
  date = {2015},
  pages = {83--92}
}

@book{Taylor.2012,
  location = {Oxford},
  title = {The Mental Corpus: {{How}} Language Is Represented in the Mind},
  publisher = {{Oxford University Press}},
  author = {Taylor, John R.},
  date = {2012}
}

@inproceedings{Dinu.2012,
  title = {Dealing with the {{Grey Sheep}} of the {{Romanian Gender System}}, the {{Neuter}}.},
  booktitle = {{{COLING}} ({{Demos}})},
  author = {Dinu, Liviu P. and Niculae, Vlad and Sulea, Octavia-Maria},
  date = {2012},
  pages = {119--124}
}

@book{Bloomfield.1933a,
  location = {{New York}},
  title = {Language},
  publisher = {{Holt, Reinhart \& Winston}},
  author = {Bloomfield, Leonard},
  date = {1933}
}

@book{Tucker.1977,
  location = {The Hage},
  title = {The {{French}} Speaker's Skill with Grammatical Gender: {{An}} Example of Rule-Governed Behavior},
  volume = {8},
  publisher = {{De Gruyter}},
  author = {Tucker, G. Richard and Lambert, Wallace E. and Rigault, André},
  date = {1977}
}

@article{Holmes.1999,
  title = {Assignment of Grammatical Gender by Native Speakers and Foreign Learners of {{French}}},
  volume = {20},
  issue = {04},
  journaltitle = {Applied Psycholinguistics},
  author = {Holmes, Virginia M. and de la Bâtie, B. Dejean},
  date = {1999},
  pages = {479--506},
  options = {useprefix=true}
}

@article{Lyster.2006,
  title = {Predictability in {{French}} Gender Attribution: {{A}} Corpus Analysis},
  volume = {16},
  issue = {01},
  journaltitle = {Journal of French Language Studies},
  author = {Lyster, Roy},
  date = {2006},
  pages = {69--92}
}

@article{Tucker.1968,
  title = {A Psychological Investigation of {{French}} Speakers' Skill with Grammatical Gender},
  volume = {7},
  number = {2},
  journaltitle = {Journal of verbal learning and verbal behavior},
  author = {Tucker, G. Richard and Lambert, Wallace E. and Rigault, André and Segalowitz, Norman},
  date = {1968},
  pages = {312--316}
}

@article{Holmes.2004,
  title = {Sublexical and Lexical Influences on Gender Assignment in {{French}}},
  volume = {33},
  number = {6},
  journaltitle = {Journal of Psycholinguistic Research},
  author = {Holmes, Virginia M. and Segui, Juan},
  date = {2004},
  pages = {425--457}
}

@inproceedings{Marchal.2007,
  title = {The {{Development}} of {{Lexical Knowledge}}: {{Toward}} a {{Model}} of the {{Acquisition}} of {{Lexical Gender}} in {{French}}},
  shorttitle = {The {{Development}} of {{Lexical Knowledge}}},
  eventtitle = {Proceedings of the European Cognitive Science Conference 2007},
  langid = {english},
  publisher = {{Taylor and Francis}},
  author = {Marchal, Harmony and Bianco, Maryse and Dessus, Philippe and Lemaire, Benoît},
  date = {2007},
  pages = {268--273}
}

@article{Eddington.2006,
  title = {A {{Computational}} Analysis of {{Navajo}} Verb Stems},
  journaltitle = {Empirical and Experimental Methods in Cognitive/Functional Research. CSLI Publications},
  author = {Eddington, David and Lachler, Jordan},
  date = {2006}
}

@article{Eddington.2009,
  title = {Linguistic {{Processing}} Is {{Exemplar}}-{{Based}}},
  volume = {2},
  doi = {10.1515/shll-2009-1058},
  number = {2},
  journaltitle = {Studies in Hispanic and Lusophone Linguistics},
  author = {Eddington, David},
  date = {2009}
}

@inproceedings{McDonough.2013,
  location = {{University of California, Berkeley}},
  title = {The {{Dene}} Verb: How Phonetics Supports Morphology},
  booktitle = {P Roceedings of 18th  {{Workshop}}  on  {{Structure}}  and  {{Constituency}}  in  the  {{Languages}} of the {{Americas}}},
  author = {McDonough, Joyce M.},
  date = {2013-04}
}

@article{Seigneuric.2007,
  title = {The Relation between Language and Cognition in 3-to 9-Year-Olds: {{The}} Acquisition of Grammatical Gender in {{French}}},
  volume = {96},
  number = {3},
  journaltitle = {Journal of Experimental Child Psychology},
  author = {Seigneuric, Alix and Zagar, Daniel and Meunier, Fanny and Spinelli, Elsa},
  date = {2007},
  pages = {229--246}
}

@article{Boloh.2010,
  title = {Gender Attribution and Gender Agreement in 4-to 10-Year-Old {{French}} Children},
  volume = {25},
  number = {1},
  journaltitle = {Cognitive Development},
  author = {Boloh, Yves and Ibernon, Laure},
  date = {2010},
  pages = {1--25}
}

@article{Alarcon.2010,
  title = {Gender Assignment and Agreement in {{L2 Spanish}}: {{The}} Effects of Morphological Marking, Animacy, and Gender},
  volume = {3},
  number = {2},
  journaltitle = {Studies in Hispanic and Lusophone Linguistics},
  author = {Alarcón, Irma V.},
  date = {2010},
  pages = {267--300}
}

@article{DeVaan.2007,
  title = {Regular Morphologically Complex Neologisms Leave Detectable Traces in the Mental Lexicon},
  volume = {2},
  number = {1},
  journaltitle = {The Mental Lexicon},
  author = {De Vaan, Laura and Schreuder, Robert and Baayen, R. Harald},
  date = {2007},
  pages = {1--24}
}

@misc{Whitaker.,
  title = {William {{Whitaker}}'s {{Words}}},
  url = {http://mk270.github.io/whitakers-words/},
  author = {Whitaker, William},
  urldate = {2016-06-06}
}

@collection{Gerdts.2010,
  location = {{Cambridge, Massachusetts}},
  title = {Hypothesis a/Hypothesis b: {{Linguistic Explorations}} in {{Honor}} of {{David M}}. {{Perlmutter}}},
  series = {Current Studies in Linguistics},
  publisher = {{MIT Press}},
  editor = {Gerdts, Donna B. and Moore, John C. and Polinsky, Maria},
  date = {2010}
}

@book{Cojocaru.2003,
  location = {{Durham}},
  title = {Romanian Grammar},
  publisher = {{The Slavic and East Euro- pean Language Resource Center}},
  author = {Cojocaru, Dana},
  date = {2003}
}

@book{Gonczol.2007,
  location = {{New York}},
  title = {Romanian: An Essential Grammar},
  publisher = {{Routledge}},
  author = {Gönczöl, Ramona},
  date = {2007}
}

@article{Hall.1965,
  title = {The “Neuter” in {{Romance}}: A Pseudo-Problem},
  volume = {21},
  number = {3},
  journaltitle = {Word},
  author = {Hall, Robert A.},
  date = {1965},
  pages = {421--427}
}

@incollection{Farkas.1995,
  location = {{Amsterdam, Philadelphia}},
  title = {Agreement and Pronominal Reference},
  volume = {10},
  booktitle = {Advances in {{Roumanian}} Linguistics},
  publisher = {{John Benjamins}},
  author = {Farkaş, Donka F. and Zec, Draga},
  editor = {Cinque, Guglielmo and Giusti, Giuliana},
  date = {1995},
  pages = {83--101}
}

@misc{Navalici.2013,
  title = {{{PyDEX}}},
  url = {https://github.com/cristianav/PyDEX},
  author = {Năvălici, Cristian},
  urldate = {2016-06-15},
  date = {2013}
}

@book{Venables.2002,
  location = {{New York}},
  edition = {Fourth},
  title = {Modern Applied Statistics with {{S}}},
  publisher = {{Springer}},
  author = {Venables, William N. and Ripley, Brian D.},
  date = {2002}
}

@book{RDevelopmentCoreTeam.2008,
  location = {{Vienna, Austria}},
  title = {R: {{A Language}} and {{Environment}} for {{Statistical Computing}}},
  publisher = {{R Foundation for Statistical Computing}},
  author = {{R Development Core Team}},
  date = {2008},
}

@incollection{Cysouw.2007,
  location = {{Berlin}},
  title = {Building Semantic Maps: {{The}} Case of Person Marking},
  booktitle = {New Challenges in Typology: Broadening the Horizons and Redefining the Foundations},
  publisher = {{Mouton de Gruyter}},
  author = {Cysouw, Michael},
  editor = {Miestamo, Matti and Wälchli, Bernhard},
  date = {2007},
  pages = {225--248}
}

@book{Croft.2012,
  location = {{Oxford}},
  title = {Verbs: {{Aspect}} and Causal Structure},
  publisher = {{Oxford University Press}},
  author = {Croft, William},
  date = {2012}
}

@book{Zawawi.1979,
  location = {{Leiden}},
  title = {Loan Words and Their Effect on the Classification of {{Swahili}} Nominals},
  publisher = {{Brill Archive}},
  author = {Zawawi, Sharifa},
  date = {1979}
}

@misc{Contini-Morava.1994,
  title = {Noun Classification in {{Swahili}}},
  url = {http://www2.iath.virginia.edu/swahili/swahili.html},
  author = {Contini-Morava, Ellen},
  urldate = {2016-11-09},
  date = {1994}
}

@book{Nurse.1993,
  location = {{Berkely}},
  title = {Swahili and {{Sabaki}}: {{A}} Linguistic History},
  publisher = {{University of California Press}},
  author = {Nurse, Derek and Hinnebusch, Thomas J.},
  date = {1993}
}

@book{Mwalonya.2004,
  location = {{Kwale}},
  title = {Mgombato: {{Digo}}-{{English}}-{{Swahili Dictionary}}},
  publisher = {{Digo Language and Literacy Project}},
  author = {Mwalonya, Joseph and Nicolle, Alison and Nicolle, Steve and Zimbu, Juma},
  date = {2004}
}

@misc{WikimediaFundation.2016,
  title = {Wiktionary},
  url = {https://en.wiktionary.org/wiki/Appendix:Swahili_noun_classes},
  author = {{Wikimedia Fundation}},
  urldate = {2016-09-09},
  date = {2016}
}

@inproceedings{ljubesic14-bs,
  location = {{Gothenburg, Sweden}},
  title = {\{bs,Hr,Sr\}{{WaC}} -- {{Web}} Corpora of {{Bosnian}}, {{Croatian}} and {{Serbian}}},
  booktitle = {Proceedings of the 9th {{Web}} as {{Corpus Workshop}} ({{WaC}}-9)},
  publisher = {{Association for Computational Linguistics}},
  author = {Ljubešić, Nikola and Klubička, Filip},
  date = {2014},
  pages = {29--35}
}

@online{Scannell.2007,
  title = {Building and {{Exploring Web Corpora}} ({{WAC3}} - 2007): {{Proceedings}} of the 3rd {{Web}} as a {{Corpora}}},
  url = {https://books.google.de/books?hl=es&lr=&id=EgeERqdkn20C&oi=fnd&pg=PA5&dq=+An+Cr%C3%BAbad%C3%A1n+-+Corpus+Building+for+Minority+Languages&ots=v9Nkqf2t7p&sig=MOg2RekbgP6r8OyHjqh_lobfEG4&redir_esc=y#v=onepage&q&f=false},
  author = {Scannell, Kevin P.},
  urldate = {2016-09-21},
  date = {2007}
}

@book{Newman.2000,
  location = {New Haven},
  title = {The {{Hausa}} Language: {{An}} Encyclopedic Reference Grammar},
  publisher = {{Yale University Press}},
  author = {Newman, Paul},
  date = {2000}
}

@book{Bargery.1951,
  title = {A {{Hausa}}-{{English Dictionary}} and {{English}}-{{Hausa Vocabulary}}},
  publisher = {{Oxford University Press}},
  location = {Oxford},
  author = {Bargery, George Percy and Westermann, Diedrich},
  date = {1951}
}

@article{Ackerman.2016,
  title = {Word and Pattern Morphology: {{An}} Information-Theoretic Approach},
  volume = {9},
  doi = {10.3366/word.2016.0090},
  shorttitle = {Word and Pattern Morphology},
  number = {2},
  journaltitle = {Word Structure},
  shortjournal = {Word Structure},
  author = {Ackerman, Farrell and Malouf, Robert},
  date = {2016-09-15},
  pages = {125--131}
}

@article{Albright.2003,
  title = {Rules vs. Analogy in {{English}} Past Tenses: {{A}} Computational/Experimental Study},
  volume = {90},
  number = {2},
  journaltitle = {Cognition},
  author = {Albright, Adam and Hayes, Bruce},
  date = {2003},
  pages = {119--161}
}

@unpublished{GuzmanNaranjo.2016,
  location = {{IDS. Mannheim}},
  title = {Overabundance as Hybrid Inflection: {{Quantitative}} Evidence from {{Czech}}},
  eventtitle = {Grammar and {{Corpora}}},
  author = {Guzmán Naranjo, Matías and Bonami, Olivier},
  date = {2016-11-11}
}

@book{Chomsky.1968,
  location = {{New York}},
  title = {The Sound Pattern of {{English}}.},
  publisher = {{Harper and Row}},
  author = {Chomsky, Noam and Halle, Morris},
  date = {1968}
}

@book{Goldsmith.2011,
  location = {Chichester},
  title = {The Handbook of Phonological Theory},
  volume = {75},
  publisher = {{John Wiley \& Sons}},
  author = {Goldsmith, John A. and Riggle, Jason and Alan, C. L. Yu},
  date = {2011}
}

@book{Viks.1992,
  location = {{Tallinn}},
  title = {A Concise Morphological Dictionary of {{Estonian}}: Introduction \& Grammar},
  volume = {1},
  publisher = {{Estonian Academy of sciences, Institute of language and literature}},
  author = {Viks, Ülle},
  date = {1992}
}

@article{Viks.1994,
  title = {A Morphological Analyzer for the {{Estonian}} Language: The Possibilities and Impossibilities of Automatic Analysis},
  volume = {1},
  journaltitle = {Automatic Morphology of Estonian},
  author = {Viks, Ülle},
  date = {1994},
  pages = {7--28}
}

@book{Murk.1997,
  location = {{Bloomington}},
  title = {A Handbook of {{Estonian}}: {{Nouns}}, Adjectives and Verbs},
  publisher = {{Indiana Univ., Research Inst. for Inner Asia Studies}},
  author = {Mürk, Harri William},
  date = {1997}
}

@book{Erelt.1995,
  location = {{Tallinn}},
  title = {Eesti Keele Grammatika: Morfoloogia},
  volume = {1},
  publisher = {{Eesti Teaduste Akadeemia Eesti Keele Instituut}},
  author = {Erelt, Mati and Kasik, Reet and Metslang, Helle and Rajandi, Henno and Ross, Kristiina and Saari, Henn and Tael, Kaja and Vare, Silvi},
  date = {1995}
}

@book{Erelt.1997,
  location = {{Tallinn}},
  title = {Eesti Keele Käsiraamat},
  publisher = {{Eesti keele sihtasutus}},
  author = {Erelt, Mati and Erelt, Tiiu and Ross, Kristiina},
  date = {1997}
}

@article{Blevins.2008,
  title = {Declension Classes in {{Estonian}}},
  volume = {4},
  journaltitle = {Linguistica Uralica},
  author = {Blevins, James P.},
  date = {2008},
  pages = {241--267}
}

@book{Erelt.2001,
  location = {Tallinn},
  title = {Eesti Keele Sõnaraamat: {{ÕS}} 1999},
  publisher = {{Eesti Keele Sihtasutus}},
  author = {Erelt, Tiiu and Leemets, Tiina and Mäearu, Sirje and Raadik, Maire},
  date = {2001}
}

@book{OZ.2006,
  location = {{Tallinn}},
  author = {Tiiu Erelt},
  title = {Eesti Keele Sõnaraamat {{ÕS}}},
  date = {2006}
}

@misc{Viks.1995,
  title = {Rules for Recognition of Inflection Types},
  url = {http://www.eki.ee/teemad/morfoloogia/viks2.html},
  author = {Viks, Ülle},
  urldate = {2016-06-10},
  date = {1995}
}

@incollection{Albright.2009,
  location = {{Oxford, New York}},
  title = {Modeling Analogy as Probabilistic Grammar},
  booktitle = {Analogy in Grammar},
  publisher = {{Oxford University Press}},
  author = {Albright, Adam},
  editor = {Blevins, James P. and Blevins, Juliette},
  date = {2009},
  pages = {200--228}
}

@article{Nosofsky.1990,
  title = {Relations between Exemplar-Similarity and Likelihood Models of Classification},
  volume = {34},
  number = {4},
  journaltitle = {Journal of Mathematical Psychology},
  author = {Nosofsky, Robert M.},
  date = {1990},
  pages = {393--418}
}

@book{Bechtel.2002,
  location = {Malden, Mass.},
  title = {Connectionism and the Mind: {{Parallel}} Processing, Dynamics, and Evolution in Networks,.},
  publisher = {{Blackwell Publishing}},
  author = {Bechtel, William and Abrahamsen, Adele},
  date = {2002}
}

@collection{Rumelhart.1986a,
  location = {{Cambridge}},
  title = {Parallel Distributed Processing: {{Explorations}} in the Microstructure of Cognition: {{Vol}}. 2 {{Psychological}} and Biological Models},
  publisher = {{Mit Press}},
  editor = {Rumelhart, David E. and McClelland, James L.},
  date = {1986}
}

@incollection{Rumelhart.1986,
  location = {{Cambridge}},
  title = {On Learning the Past Tenses of {{English}} Verbs.},
  booktitle = {Parallel Distributed Processing: {{Explorations}} in the Microstructure of Cognition: {{Vol}}. 2 {{Psychological}} and Biological Models},
  publisher = {{MIT Press}},
  author = {Rumelhart, David E. and McClelland, James L. and Rumelhart, David E. and McClelland, James L.},
  date = {1986}
}

@incollection{McClelland.1986,
  location = {{Cambridge}},
  title = {A Distributed Model of Human Learning and Memory},
  booktitle = {Parallel Distributed Processing: {{Explorations}} in the Microstructure of Cognition: {{Vol}}. 2 {{Psychological}} and Biological Models},
  publisher = {{Mit Press}},
  author = {McClelland, James L. and Rumelhart, David E.},
  editor = {McClelland, James L. and Rumelhart, David E.},
  date = {1986},
  pages = {170--2015}
}

@book{Churchland.1989,
  location = {{Massachusetts}},
  title = {A Neurocomputational Perspective: {{The}} Nature of Mind and the Structure of Science},
  publisher = {{MIT press}},
  author = {Churchland, Paul M.},
  date = {1989}
}

@article{Hahn.1998,
  title = {Similarity and Rules: Distinct? Exhaustive? Empirically Distinguishable?},
  volume = {65},
  number = {2},
  journaltitle = {Cognition},
  author = {Hahn, Ulrike and Chater, Nick},
  date = {1998},
  pages = {197--230}
}

@article{Hahn.2000,
  title = {German Inflection: {{Single}} Route or Dual Route?},
  volume = {41},
  number = {4},
  journaltitle = {Cognitive Psychology},
  author = {Hahn, Ulrike and Nakisa, Ramin Charles},
  date = {2000},
  pages = {313--360}
}

@article{Kinder.2000,
  title = {Learning Artificial Grammars: {{No}} Evidence for the Acquisition of Rules},
  volume = {28},
  number = {8},
  journaltitle = {Memory \& Cognition},
  author = {Kinder, Annette and Assmann, Anja},
  date = {2000},
  pages = {1321--1332}
}

@article{Hahn.2010,
  title = {Exemplar Similarity and Rule Application},
  volume = {114},
  number = {1},
  journaltitle = {Cognition},
  author = {Hahn, Ulrike and Prat-Sala, Mercè and Pothos, Emmanuel M. and Brumby, Duncan P.},
  date = {2010},
  pages = {1--18}
}

@article{Nosofsky.1989,
  title = {Rules and Exemplars in Categorization, Identification, and Recognition},
  volume = {15},
  number = {2},
  journaltitle = {Journal of Experimental Psychology: Learning, Memory, and Cognition},
  author = {Nosofsky, Robert M. and Clark, Steven E. and Shin, Hyun Jung},
  date = {1989},
  pages = {282--304}
}

@article{Malouf.2016,
  title = {Generating Morphological Paradigms with a Recurrent Neural Network},
  author = {Malouf, Robert},
  date = {2016}
}

@article{Pierrehumbert.2001,
  title = {Lenition and Contrast},
  volume = {45},
  journaltitle = {Frequency and the emergence of linguistic structure},
  author = {Pierrehumbert, Janet B.},
  date = {2001},
  pages = {137--157}
}

@misc{Albright.1999,
  title = {An Automated Learner for Phonology and Morphology},
  url = {https://www.researchgate.net/profile/Bruce_Hayes/publication/2876878_An_Automated_Learner_for_Phonology_and_Morphology/links/02bfe51194b1fab53a000000.pdf},
  author = {Albright, Adam and Hayes, Bruce},
  urldate = {2016-09-10},
  date = {1999}
}

@article{Wanner.2006,
  title = {An Analogical Solution for {{Spanish}} Soy, Doy, Voy, and Estoy},
  volume = {18},
  doi = {10.1515/PROBUS.2006.009},
  number = {2},
  journaltitle = {Probus},
  author = {Wanner, Dieter},
  date = {2006},
  pages = {267--308}
}

@article{Aguirre.2008,
  title = {On {{Spanish Verb Inflection}}},
  volume = {40},
  doi = {10.1515/flin.40.1-2.75},
  issue = {1-2},
  journaltitle = {Folia Linguistica},
  author = {Aguirre, Carmen and Dressler, Wolfgang U.},
  date = {2008},
  pages = {75--96}
}

@article{Eddington.2009a,
  title = {Spanish Verbal Inflection: A Single-or Dual-Route System?},
  volume = {47},
  number = {1},
  journaltitle = {Linguistics},
  author = {Eddington, David},
  date = {2009},
  pages = {173--199}
}

@article{Montermini.2012,
  title = {Stem Relations and Inflection Class Assignment in {{Italian}}},
  volume = {5},
  number = {1},
  journaltitle = {Word structure},
  author = {Montermini, Fabio and Boyé, Gilles},
  date = {2012},
  pages = {69--87}
}

@book{Bochner.1993,
  location = {{Amsterdam}},
  title = {Simplicity in Generative Morphology},
  volume = {37},
  publisher = {{Walter de Gruyter}},
  author = {Bochner, Harry},
  date = {1993}
}

@incollection{Ackerman.2009,
  location = {{Oxford, New York}},
  title = {Parts and Wholes: {{Implicative}} Patterns in Inflectional Paradigms},
  booktitle = {Analogy in Grammar: {{Form}} and Acquisition},
  publisher = {{Oxford University Press}},
  author = {Ackerman, Farrell and Blevins, James P. and Malouf, Robert},
  editor = {Blevins, James P. and Blevins, Juliette},
  date = {2009},
  pages = {54--82}
}

@article{Yaden.2003,
  title = {Mental Representations of {{Spanish}} Morphology: {{Rules}} or Analogy},
  journaltitle = {Theory, practice, and acquisition, ed. by Paula Kempchinsky and Carlos-Eduardo Piñeros},
  author = {Yaden, Bridet},
  date = {2003},
  pages = {299--312}
}

@inproceedings{Brovetto.2005,
  location = {{Somerville, MA}},
  title = {The Mental Representation and Processing of {{Spanish}} Verbal Morphology},
  booktitle = {Selected {{Proceedings}} of the 7th {{Hispanic Linguistics Symposium}}},
  publisher = {{Cascadilla Proceedings Project}},
  author = {Brovetto, Claudia and Ullman, Michael T.},
  date = {2005},
  pages = {98--105}
}

@article{Clahsen.2002,
  title = {The Development of Regular and Irregular Verb Inflection in {{Spanish}} Child Language},
  volume = {29},
  issue = {03},
  journaltitle = {Journal of Child Language},
  author = {Clahsen, Harald and Aveledo, Fraibet and Roca, Iggy},
  date = {2002},
  pages = {591--622}
}

@thesis{Costanzo.2011,
  title = {Romance {{Conjugational Classes}}: {{Learning}} from the {{Peripheries}}},
  institution = {{The Ohio State University}},
  author = {Costanzo, Angelo Roth},
  date = {2011}
}

@book{GalvanTorres.2007,
  location = {{Norderstedt}},
  title = {Die {{Entwicklung}} Der Spanischen {{Diphthongierung}} Anhand Der {{Natürlichkeitstheorie}}},
  publisher = {{GRIN Verlag}},
  author = {Galván Torres, Adriana Rosalina},
  date = {2007}
}

@article{Schmid.1995a,
  title = {Treetagger a Language Independent Part-of-Speech Tagger},
  volume = {43},
  journaltitle = {Institut für Maschinelle Sprachverarbeitung, Universität Stuttgart},
  author = {Schmid, Helmut},
  date = {1995},
  pages = {28}
}

@incollection{Mladenovic.1977,
  location = {{Kraków}},
  title = {Neka Pitanja Varijantnosti Norme u Savremenom Srpskohrvatskom Književnom Jeziku},
  volume = {38},
  booktitle = {Wariancja Normy We Współczesnych Słowiańskich Językach Literackich},
  series = {Prace Komisji Słowianoznawstwa},
  author = {Mlađenović, A.},
  editor = {Urbánczyk, S.},
  date = {1977},
  pages = {51--56}
}

@inproceedings{Morth.2012,
  title = {German Plural Doublets with and without Meaning Differentiation},
  booktitle = {Morphology and Meaning. {{Selected}} Papers from the 15th {{International Morphology Meeting}}, {{Vienna}}},
  author = {Mörth, Karlheinz and Dressler, Wolfgang U.},
  date = {2012},
  pages = {249--258}
}

@article{Thornton.2012,
  title = {Reduction and Maintenance of Overabundance. {{A}} Case Study on {{Italian}} Verb Paradigms},
  volume = {5},
  number = {2},
  journaltitle = {Word Structure},
  author = {Thornton, Anna M.},
  date = {2012},
  pages = {183--207}
}

@book{Maiden.2011,
  title = {Morphological {{Autonomy}}. {{Perspectives From Romance Inflectional Morphology}}},
  publisher = {{Oxford University Press}},
  location = {Oxford},
  author = {Maiden, Martin and Smith, John Charles and Goldbach, Maria and Hinzelin, Marc-Olivier},
  date = {2011-08-01}
}

@incollection{Thornton.2011,
  location = {{Oxford}},
  title = {Overabundance ({{Multiple Forms Realizing}} the {{Same Cell}}): {{A Non}}-Canonical {{Phenomenon}} in {{Italian Verb Morphology}}},
  booktitle = {Morphological {{Autonomy}}. {{Perspectives From Romance Inflectional Morphology}}},
  publisher = {{Oxford University Press}},
  author = {Thornton, Anna M.},
  editor = {Maiden, Martin and Smith, John Charles and Goldbach, Maria and Hinzelin, Marc-Olivier},
  date = {2011}
}

@book{Welmers.1973,
  location = {{Berkeley}},
  title = {African {{Language Structures}}},
  publisher = {{University of California Press}},
  author = {Welmers, William E.},
  date = {1973}
}

@book{Corbett.1991,
  location = {{Cambridge}},
  title = {Gender},
  publisher = {{Cambridge University Press}},
  author = {Corbett, Greville G.},
  date = {1991}
}

@book{Alexander.2006,
  location = {{Madison}},
  title = {Bosnian, {{Croatian}}, {{Serbian}}, a Grammar: With Sociolinguistic Commentary},
  publisher = {{University of Wisconsin Press}},
  author = {Alexander, Ronelle},
  date = {2006}
}

@book{Kordic.1997,
  location = {{München}},
  title = {Serbo-{{Croatian}}},
  publisher = {{Lincom Europa}},
  author = {Kordić, Snježana},
  date = {1997}
}

@book{Hammond.2005,
  location = {{New York}},
  title = {Serbian: {{An}} Essential Grammar},
  publisher = {{Routledge}},
  author = {Hammond, Lila},
  date = {2005}
}

@incollection{Brown.1993,
  location = {{London, New York}},
  title = {Serbo-{{Croat}}},
  booktitle = {The {{Slavonic Languages}}},
  publisher = {{Routledge}},
  author = {Brown, Wayles},
  editor = {Comrie, Bernard and Corbett, Greville G.},
  date = {1993},
  pages = {306--387}
}

@article{Albright.2001,
  title = {Segmental Environments of {{Spanish}} Diphthongization},
  volume = {7},
  journaltitle = {UCLA Working Papers in Linguistics},
  author = {Albright, Adam and Andrade, Argelia and Hayes, Bruce},
  date = {2001},
  pages = {117--151}
}

@article{Roca.2010,
  title = {Theme Vowel Allomorphy in {{Spanish}} Verb Inflection: {{An}} Autosegmental Optimality Account},
  volume = {120},
  doi = {10.1016/j.lingua.2009.05.005},
  shorttitle = {Theme Vowel Allomorphy in {{Spanish}} Verb Inflection},
  number = {2},
  journaltitle = {Lingua},
  shortjournal = {Lingua},
  series = {Verb First, Verb Second},
  author = {Roca, Iggy},
  date = {2010-02-01},
  pages = {408--434}
}

@article{Harris.1978,
  title = {Two {{Theories}} of {{Non}}-{{Automatic Morphophonological Alternations}}: {{Evidence}} from {{Spanish}}},
  volume = {54},
  doi = {10.2307/412998},
  shorttitle = {Two {{Theories}} of {{Non}}-{{Automatic Morphophonological Alternations}}},
  number = {1},
  journaltitle = {Language},
  shortjournal = {Language},
  author = {Harris, James W.},
  date = {1978},
  pages = {41--60}
}

@article{Brame.1973,
  title = {Vocalic {{Alternations}} in {{Spanish}}},
  volume = {4},
  number = {2},
  journaltitle = {Linguistic Inquiry},
  author = {Brame, Michael K. and Bordelois, Ivonne},
  date = {1973},
  pages = {111--168}
}

@article{Salminen.1993,
  title = {On Identifying Basic Vowel Distinctions in {{Tundra Nenets}}},
  volume = {51},
  journaltitle = {Finnisch-Ugrische Forschungen},
  author = {Salminen, Tapani},
  date = {1993},
  pages = {177--187}
}

@book{Nikolaeva.2014,
  location = {{Berlin}},
  title = {A Grammar of {{Tundra Nenets}}},
  volume = {65},
  publisher = {{Walter de Gruyter}},
  author = {Nikolaeva, Irina},
  date = {2014}
}

@book{DiSciullo.1987,
  location = {{Cambridge, Massachusetts}},
  title = {On the Definition of Word},
  volume = {14},
  publisher = {{Springer}},
  author = {Di Sciullo, Anna-Maria and Williams, Edwin},
  date = {1987}
}

@book{Koenig.1999,
  location = {{Standford}},
  title = {Lexical Relations},
  publisher = {{CSLI publications}},
  author = {Koenig, Jean-Pierre},
  date = {1999}
}

@book{Matthews.1991,
  location = {{Cambridge}},
  title = {Morphology},
  publisher = {{Cambridge University Press}},
  author = {Matthews, Peter H.},
  date = {1991}
}

@article{Shannon.1948,
  title = {A Mathematical Theory of Communication.},
  volume = {27},
  journaltitle = {The Bell System Technical Journal},
  author = {Shannon, Claude},
  date = {1948},
  pages = {379--423, 623--56}
}

@book{Cover.2006,
  location = {{New Jersey}},
  title = {Elements of Information Theory 2nd Edition},
  publisher = {{Wiley}},
  author = {Cover, Thomas M. and Thomas, Joy A.},
  date = {2006}
}

@article{Ackerman.2013a,
  title = {Morphological {{Organization}}: {{The Low Conditional Entropy Conjecture}}},
  volume = {89},
  doi = {10.1353/lan.2013.0054},
  shorttitle = {Morphological {{Organization}}},
  number = {3},
  journaltitle = {Language},
  author = {Ackerman, Farrell and Malouf, Robert},
  date = {2013},
  pages = {429--464}
}

@article{Baerman.2012,
  title = {Paradigmatic {{Chaos}} in {{Nuer}}},
  volume = {88},
  doi = {10.1353/lan.2012.0065},
  number = {3},
  journaltitle = {Language},
  author = {Baerman, Matthew},
  date = {2012},
  pages = {467--494}
}

@book{Pollard.1994,
  location = {{Chicago}},
  title = {Head-Driven Phrase Structure Grammar},
  publisher = {{University of Chicago Press}},
  author = {Pollard, Carl and Sag, Ivan A.},
  date = {1994}
}

@article{Proszeky.2005,
  title = {Computational Morphologies for Small {{Uralic}} Languages},
  journaltitle = {Inquiries into Words, Constraints and Contexts Festschrift in the Honour of Kimmo Koskenniemi on his 60th Birthday},
  author = {Prószéky, Gábor and Novák, Attila},
  date = {2005},
  pages = {116--125}
}

@book{Hooper.1976,
  location = {{New York}},
  title = {An Introduction to Natural Generative Phonology},
  publisher = {{Academic Press}},
  author = {Hooper, Joan B.},
  date = {1976}
}

@inproceedings{Arregi.2000,
  location = {{Gainesville}},
  title = {How {{Spanish}} Verb Works},
  url = {http://home.uchicago.edu/~karlos/Arregi-theme.pdf},
  eventtitle = {30th Linguistic Symposium on Romance Languages},
  booktitle = {Paper {{Presented}} at the 30th {{Linguistic Symposium}} on {{Romance Languages}}},
  publisher = {{University of Florida}},
  author = {Arregi, Karlos},
  date = {2000}
}

@thesis{FoleyJr.1965,
  title = {Spanish Morphology.},
  institution = {{Massachusetts Institute of Technology}},
  author = {Foley, James Addison},
  date = {1965}
}

@book{Harris.1969,
  location = {{Cambridge, MA}},
  title = {Spanish Phonology},
  publisher = {{MIT Press}},
  author = {Harris, James W.},
  date = {1969}
}

@article{DeMello.1993,
  title = {-{{Ra}} vs.-Se Subjunctive: A New Look at an Old Topic},
  volume = {76},
  number = {2},
  journaltitle = {Hispania},
  author = {DeMello, George},
  date = {1993},
  pages = {235--244}
}

@book{Cuervo.1981,
  location = {{Bogotá}},
  title = {Notas a La {{Gramática}} de La Lengua Castellana de Don {{Andrés Bello}}.},
  publisher = {{Instituto Caro y Cuervo}},
  author = {Cuervo, Rufino José and Ahumada, Ignacio},
  date = {1981 (original date 1874)}
}

@unpublished{Schwenter.2013,
  title = {Strength of {{Priming}} and the {{Maintenance}} of {{Variation}} in the {{Spanish Past Subjunctive}}},
  url = {https://www.academia.edu/4857119/_Strength_of_Priming_and_the_-Maintenance_of_Variation_in_the_Spanish_Past_Subjunctive-NWAV_42_2013},
  author = {Schwenter, Scott},
  urldate = {2015-10-10},
  date = {2013}
}

@incollection{Rojo.2008,
  title = {De Nuevo Sobre La Frecuencia de Las Formas Llegara y Llegase},
  volume = {70},
  booktitle = {Heidelberger {{Spätlese}}. {{Ausgewälhlte Tropfen}} Aus Verschiedenen {{Lagen}} Der Spanischen {{Sprach}}-Und {{Übersetzungswissenfschaft}}. {{Fetschrift}} Anlässlich Des},
  author = {Rojo, Guillermo},
  editor = {Albrecht, Jörn und Frank Harslem},
  date = {2008},
  pages = {161--182}
}

@article{Kempas.2011,
  title = {Sobre La Variación En El Marco de La Libre Elección Entre Cantara y Cantase En El Español Peninsular},
  number = {17},
  journaltitle = {Moenia},
  author = {Kempas, Ilpo},
  date = {2011},
  pages = {243--264}
}

@article{Boye.2004,
  title = {Étude de La Distribution Des Suffixes-Er/-Ir Dans Les Infinitifs de l’espagnol à Partir d’un Corpus Exhaustif},
  number = {3},
  journaltitle = {Corpus},
  author = {Boyé, Gilles and Cabredo Hofherr, Patricia},
  date = {2004}
}

@misc{Boye.Inpreparation,
  title = {The Distribution of Prethematic Vowels in {{Spanish}} Verbs, 2006 Submission to {{Probus}}},
  url = {http://w3.erss.univ-tlse2.fr:8080/index.jsp?perso=boye&subURL=BoCa-Probus-PrethematicVowelsSpanish.pdf},
  author = {Boyé, Gilles and Cabredo Hofherr, Patricia},
  urldate = {2010-05-10},
  date = {In preparation}
}

@article{Maiden.2001,
  title = {A Strange Affinity:‘Perfecto y Tiempos Afines’},
  volume = {78},
  number = {4},
  journaltitle = {Bulletin of Hispanic Studies},
  author = {Maiden, Martin},
  date = {2001},
  pages = {441--464}
}

@incollection{Maiden.2005,
  location = {{The Netherlands}},
  title = {Morphological Autonomy and Diachrony},
  booktitle = {Yearbook of {{Morphology}} 2004},
  publisher = {{Springer}},
  author = {Maiden, Martin},
  editor = {Booij, Geert E. and van Marle, Jaap},
  date = {2005},
  pages = {137--175},
  options = {useprefix=true}
}

@book{Bellido.1986,
  location = {Seattle, Wa.},
  title = {Lexical Diphthongization and High-Mid Alternations in {{Spanish}}: {{An}} Autosegmental Account},
  publisher = {{Linguistic analysis}},
  author = {Bellido, Paloma García},
  date = {1986}
}

@incollection{Carreira.1991,
  location = {{Washington, D. C.}},
  title = {The Alternating Diphthongs of {{Spanish}}: {{A}} Paradox Revisited},
  booktitle = {Current Studies in {{Spanish}} Linguistics},
  publisher = {{Georgetown University Press}},
  author = {Carreira, María},
  date = {1991},
  pages = {407--445}
}

@article{Harris.1985,
  title = {Spanish Diphthongisation and Stress: A Paradox Resolved},
  volume = {2},
  issue = {01},
  journaltitle = {Phonology},
  author = {Harris, James W.},
  date = {1985},
  pages = {31--45}
}

@article{Kikuchi.1997,
  title = {A Correspondence-Theoretic Approach to Alternating Diphthongs in {{Spanish}}},
  volume = {1},
  journaltitle = {Journal of Linguistic Science Tohoku University},
  author = {Kikuchi, Seiichiro},
  date = {1997},
  pages = {39--50}
}

@article{Eddington.1996,
  title = {Diphthongization in {{Spanish}} Derivational Morphology: An Empirical Investigation},
  volume = {8},
  number = {1},
  journaltitle = {Hispanic Linguistics},
  author = {Eddington, David},
  date = {1996},
  pages = {1--13}
}

@article{Malkiel.1966,
  title = {Diphthongization, Monophthongization, Metaphony: Studies in Their Interaction in the Paradigm of the {{Old Spanish}}-Ir Verbs},
  volume = {42},
  number = {2},
  journaltitle = {Language},
  author = {Malkiel, Yakov},
  date = {1966},
  pages = {430--472}
}

@article{Wilkinson.1971,
  title = {Vowel Alternation in the {{Spanish}}-Ir Verbs},
  volume = {12},
  journaltitle = {R0nshu},
  author = {Wilkinson, Hugh E.},
  date = {1971},
  pages = {1--21}
}

@book{Niggli.2016,
  title = {Kassem {{Burkina Faso Dictionary}}},
  url = {kassem-bf.webonary.org/},
  publisher = {{SIL International}},
  author = {Niggli, Idda and Niggli, Urs},
  urldate = {2016-10-11},
  date = {2016}
}

@article{deHaas.1988a,
  title = {Phonological {{Implications}} of {{Skeleton}} and {{Feature Underspecification}} in {{Kasem}}},
  volume = {5},
  number = {2},
  journaltitle = {Phonology},
  author = {de Haas, Wim G.},
  date = {1988},
  pages = {237--254},
  options = {useprefix=true}
}

@article{Casali.2008,
  title = {{{ATR Harmony}} in {{African Languages}}},
  volume = {2},
  doi = {10.1111/j.1749-818X.2008.00064.x},
  number = {3},
  journaltitle = {Language and Linguistics Compass},
  author = {Casali, Roderic F.},
  date = {2008-05-01},
  pages = {496--549}
}

@book{Smirnova.1982,
  location = {London},
  title = {The {{Hausa Language}}: {{A Descriptive Grammar}}},
  shorttitle = {The {{Hausa Language}}},
  pagetotal = {136},
  langid = {english},
  publisher = {{Routledge \& Kegan Paul}},
  author = {Smirnova, Mirra A.},
  date = {1982},
  note = {Google-Books-ID: S5AOAAAAYAAJ}
}

@article{Haspelmath.1989,
  title = {Schemas in {{Hausa}} Plural Formation: Product-Orientation and Motivation vs. Source-Orientation and Generation},
  volume = {89},
  journaltitle = {Buffalo Working Papers in Linguistics},
  author = {Haspelmath, Martin},
  date = {1989},
  pages = {32--74}
}

@article{Boye.2006,
  title = {The Structure of Allomorphy in {{Spanish}} Verbal Inflection},
  volume = {13},
  journaltitle = {Cuadernos de Lingüística del Instituto Universitario Ortega y Gasset},
  author = {Boyé, Gilles and Cabredo Hofherr, Patricia},
  date = {2006},
  pages = {9--24}
}

@article{Bermudez-Otero.2013a,
  title = {The {{Spanish}} Lexicon Stores Stems with Theme Vowels, Not Roots with Inflectional Class Features},
  volume = {25},
  number = {1},
  journaltitle = {International Journal of Latin and Romance Linguistics},
  author = {Bermúdez-Otero, Ricardo},
  date = {2013},
  pages = {3--103}
}

@inproceedings{Bonami.2011b,
  location = {{Pisa}},
  title = {Stem Spaces and Regularity in Verbal Inflection},
  booktitle = {1st {{NetWords}} Workshop" {{Understanding}} the {{Architecture}} of the {{Mental Lexicon}}"},
  author = {Bonami, Olivier and Montermini, Fabio},
  date = {2011}
}

@inproceedings{Bonami.2002,
  location = {{Stanford}},
  title = {Suppletion and Stem Dependency in Inflectional Morphology},
  booktitle = {Proceedings of the {{HPSG Conference}}},
  publisher = {{CSLI Publications}},
  author = {Bonami, Olivier and Boyé, Gilles},
  date = {2002}
}

@article{Bonami.2003,
  title = {Supplétion et Classes Flexionnelles},
  volume = {37},
  number = {152},
  journaltitle = {Langages},
  author = {Bonami, Olivier and Boyé, Gilles},
  date = {2003},
  pages = {102--126}
}

@inproceedings{Bonami.2006,
  location = {{Varna}},
  title = {Deriving Inflectional Irregularity},
  booktitle = {Proceedings of the 13th {{International Connference}} on {{HPSG}}},
  publisher = {{CSLI Publications}},
  author = {Bonami, Olivier and Boyé, Gilles},
  date = {2006},
  pages = {39--59}
}

@book{Spencer.2013,
  location = {Oxford},
  title = {Lexical Relatedness},
  publisher = {{Oxford University Press}},
  author = {Spencer, Andrew},
  date = {2013}
}

@article{Balo.2015,
  title = {The Nominal Morphology of {{Lovari}} from an Analogical Perspective},
  volume = {62},
  number = {4},
  journaltitle = {Acta Linguistica Hungarica},
  author = {Baló, Márton András},
  date = {2015},
  pages = {395--414}
}

@article{Spencer.2012,
  title = {Identifying Stems},
  volume = {5},
  number = {1},
  journaltitle = {Word Structure},
  author = {Spencer, Andrew},
  date = {2012},
  pages = {88--108}
}

@thesis{Zaleska.forth.,
  title = {{Coalescence without Coalescence}},
  institution = {{Universität Leipzig}},
  author = {Zaleska, Joanna},
  date = {2017}
}

@article{Awedoba.1980,
  title = {Borrowed {{Nouns}} in {{Kasem Nominal Classes}}},
  volume = {22},
  number = {6},
  journaltitle = {Anthropological Linguistics},
  shortjournal = {Anthropological Linguistics},
  author = {Awedoba, Albert K.},
  date = {1980},
  pages = {248--263}
}

@article{Awedoba.1996,
  title = {Kasem Nominal Genders and Names},
  volume = {12},
  number = {2},
  journaltitle = {Research Review},
  author = {Awedoba, Albert K.},
  date = {1996}
}

@article{Callow.1968,
  title = {A Hierarchical Study of Neutralization in {{Kasem}}},
  volume = {4},
  issue = {01},
  journaltitle = {Journal of Linguistics},
  author = {Callow, John C.},
  date = {1968},
  pages = {33--45}
}

@incollection{Awedoba.2003,
  title = {Criteria for Noun Classification in {{Kasem}}},
  volume = {6},
  booktitle = {Cahiers {{Voltaıques}} / {{Gur Papers}}},
  author = {Awedoba, Albert K.},
  editor = {von Roncador, Manfred and Winkelmann, Kerstin and Kleinewillinghöfer, Ulrich},
  date = {2003},
  pages = {3--15},
  options = {useprefix=true}
}

@inproceedings{Brindle.2009,
  location = {{Somerville, MA}},
  title = {On the {{Identification}} of {{Noun Class}} and {{Gender Systems}} in {{Chakali}}},
  booktitle = {Proceedings of the 38th {{Annual Conference}} on {{African Linguistics}}},
  publisher = {{Cascadilla Proceedings Project}},
  author = {Brindle, Jonathan Allen},
  date = {2009},
  pages = {84--94}
}

@book{deHaas.1988,
  location = {{Berlin}},
  title = {A Formal Theory of Vowel Coalescence: A Case Study of {{Ancient Greek}}},
  volume = {30},
  publisher = {{Walter de Gruyter}},
  author = {de Haas, Wim G.},
  date = {1988},
  options = {useprefix=true}
}

@article{deHaas.1987,
  title = {An Autosegmental Approach to Vowel Coalescence},
  volume = {73},
  number = {3},
  journaltitle = {Lingua},
  author = {de Haas, Wim G.},
  date = {1987},
  pages = {167--199},
  options = {useprefix=true}
}

@misc{Feist.2015,
  title = {Oto-{{Manguean Inflectional Class Database}}},
  url = {http://dx.doi.org/10.15126/SMG.28/1},
  publisher = {{University of Surrey}},
  author = {Feist, Timothy and Palancar, Enrique L.},
  urldate = {2016-11-26},
  date = {2015}
}

@article{Callow.1965,
  title = {Kasem Nominals: A Study in Analyses},
  volume = {2},
  number = {1},
  journaltitle = {Journal of West African Languages},
  author = {Callow, John C.},
  date = {1965},
  pages = {29--36}
}

@article{Halle.1978,
  title = {Further Thoughts on {{Kasem}} Nominals},
  volume = {4},
  number = {2},
  journaltitle = {Linguistic Analysis Seattle, Wash.},
  author = {Halle, Morris},
  date = {1978},
  pages = {167--185}
}

@article{Howard.1969,
  title = {Kasem Nominals Revisited},
  volume = {10},
  journaltitle = {Working Papers in Linguistics - University of Hawaii},
  author = {Howard, Irwin},
  date = {1969}
}

@book{Zwernemann.1967,
  location = {Paris},
  title = {Versuch Einer {{Analyse}} Der Nominalen {{Klassifizierun}} in Einigen {{Gur}}-{{Sprache}}},
  publisher = {{Centre national de la recherche scientifique}},
  author = {Zwernemann, Juergen},
  date = {1967}
}

@article{Phelps.1975,
  title = {Simplicity Criteria in Generative Phonology - {{Kasem}} Nominals},
  volume = {1},
  number = {4},
  journaltitle = {Linguistic Analysis},
  author = {Phelps, Elaine},
  date = {1975},
  pages = {297--332}
}

@article{Naden.1988,
  title = {The {{Gur}} Languages},
  volume = {2},
  journaltitle = {The languages of Ghana},
  author = {Naden, Tony},
  editor = {Dakubu, Mary Esther Kropp},
  date = {1988},
  pages = {12--49}
}

@article{Howard.1970,
  title = {Kasem Nominals and the Ordering of Phonological Rules},
  volume = {2},
  number = {3},
  journaltitle = {Working Papers in Linguistics. University of Hawaii},
  author = {Howard, Irwin},
  date = {1970},
  pages = {113--129}
}

@incollection{Naden.1989,
  location = {{New York}},
  title = {Gur},
  booktitle = {The {{Niger}}-{{Congo}} Languages},
  publisher = {{University Press of America}},
  author = {Naden, Tony},
  editor = {Bendor-Samuel, John},
  date = {1989},
  pages = {141--168}
}

@book{Bodomo.1997,
  location = {{Stanford}},
  title = {The Structure of {{Dagaare}}},
  publisher = {{CSLI publications}},
  author = {Bodomo, Adams},
  date = {1997}
}

@inproceedings{Bodomo.1994,
  title = {The Noun Class System of {{Dagaare}}: {{A}} Phonology-Morphology Interface},
  booktitle = {Working {{Papers}} in {{Linguistics}}, {{Norwegian University}} for {{Science}} and {{Technology}}},
  author = {Bodomo, Adams},
  date = {1994}
}

@article{Dakubu.1997,
  title = {Oti-{{Volta}} Vowel Harmony and {{Dagbani}}},
  volume = {2},
  journaltitle = {Gur Papers},
  author = {Dakubu, Mary Esther Kropp},
  date = {1997},
  pages = {81--88}
}

@book{.bb,
  title =      {Grammaire Élémentaire Du {{Kasim}}},
  address    = {Ouagadougou 01, Burkina Faso},
  author     = {Niggli, Urs and Niggli, Idda},
  publisher  = {Société Internationale de Linguistique},
  year       = {2008}
}

@article{Phelps.1979,
  title = {Abstractness and Rule Ordering in {{Kasem}}: {{A}} Refutation of {{Halle}}'s Maximizing Principle},
  volume = {5},
  number = {1},
  journaltitle = {Linguistic Analysis},
  author = {Phelps, Elaine},
  date = {1979},
  pages = {29--69}
}

@article{Murtagh.2014,
  title = {Ward’s {{Hierarchical Agglomerative Clustering Method}}: {{Which Algorithms Implement Ward}}’s {{Criterion}}?},
  volume = {31},
  doi = {10.1007/s00357-014-9161-z},
  shorttitle = {Ward’s {{Hierarchical Agglomerative Clustering Method}}},
  langid = {english},
  number = {3},
  journaltitle = {Journal of Classification},
  shortjournal = {J Classif},
  author = {Murtagh, Fionn and Legendre, Pierre},
  date = {2014-10-01},
  pages = {274--295}
}

@article{WardJr.1963,
  title = {Hierarchical Grouping to Optimize an Objective Function},
  volume = {58},
  number = {301},
  journaltitle = {Journal of the American statistical association},
  author = {Ward Jr, Joe H.},
  date = {1963},
  pages = {236--244}
}

@book{Blench.2004,
  title = {{{DAGBANI}}-{{ENGLISH DICTIONARY}}},
  author = {Blench, Roger},
  date = {2004}
}

@article{Muller.2004a,
  title = {On {{Decomposing Inﬂection Class Features}}: {{Syncretism}} in {{Russian Noun Inﬂection}}},
  volume = {10},
  journaltitle = {Explorations in nominal inflection},
  author = {Müller, Gereon},
  date = {2004},
  pages = {189--227}
}

@article{Dressler.2008,
  title = {On the {{Typology}} of {{Inflection Class Systems}}},
  volume = {40},
  doi = {10.1515/flin.40.1-2.51},
  issue = {1-2},
  journaltitle = {Folia Linguistica},
  author = {Dressler, Wolfgang U. and Kilani-Schoch, Marianne and Gagarina, Natalia and Pestal, Lina and Pöchtrager, Markus},
  date = {2008},
  pages = {51--74}
}

@incollection{Stump.2015,
  location = {{Oxford, New York}},
  title = {Inflection Classes},
  booktitle = {The {{Oxford Handbook}} of {{Inflection}}},
  publisher = {{Oxford University Press}},
  author = {Stump, Gregory},
  date = {2015},
  pages = {113--140}
}

@inproceedings{Kohavi.1995,
  title = {A {{Study}} of {{Cross}}-{{Validation}} and {{Bootstrap}} for {{Accuracy Estimation}} and {{Model Selection}}},
  publisher = {{Morgan Kaufmann}},
  author = {Kohavi, Ron},
  date = {1995},
  pages = {1137--1143}
}

@inproceedings{Beniamine.2016,
  title = {Generalizing Patterns in {{Instrumented Item}}-and-{{Pattern Morphology}}},
  booktitle = {Structural {{Complexity}} in {{Natural Language}} (s)({{SCNL}})},
  author = {Beniamine, Sacha and Bonami, Olivier},
  date = {2016}
}

@article{Clopper.1934,
  title = {The {{Use}} of {{Confidence}} or {{Fiducial Limits Illustrated}} in the {{Case}} of the {{Binomial}}},
  volume = {26},
  doi = {10.2307/2331986},
  number = {4},
  journaltitle = {Biometrika},
  author = {Clopper, C. J. and Pearson, Egon S.},
  date = {1934},
  pages = {404--413}
}

@article{Newcombe.1998,
  title = {Two-Sided Confidence Intervals for the Single Proportion: Comparison of Seven Methods. {{Stat}}. {{Med}}},
  author = {Newcombe, Robert G.},
  journaltitle = {Statistics in medicine},
  pages = {857--72},
  date = {1998}
}

@incollection{Rokach.2005,
  title = {Clustering Methods},
  booktitle = {Data Mining and Knowledge Discovery Handbook},
  publisher = {{Springer}},
  author = {Rokach, Lior and Maimon, Oded},
  date = {2005},
  pages = {321--352}
}

@book{Borg.2005,
  location = {{New York}},
  title = {Modern Multidimensional Scaling: {{Theory}} and Applications},
  publisher = {{Springer}},
  author = {Borg, Ingwer and Groenen, Patrick JF},
  date = {2005}
}

@incollection{Cysouw.2007c,
  location = {{Berlin, Boston}},
  title = {New Approaches to Cluster Analysis of Typological Indices.},
  booktitle = {Exact Methods in the Study of Language and Text},
  publisher = {{De Gruyter Mouton}},
  author = {Cysouw, Michael},
  editor = {Grzybek, Peter and Köhler, Reinhard},
  date = {2007},
  pages = {61--76}
}

@article{Breiman.2001a,
  title = {Random Forests},
  volume = {45},
  number = {1},
  journaltitle = {Machine learning},
  author = {Breiman, Leo},
  date = {2001},
  pages = {5--32}
}

@book{Smola.1998,
  title = {Learning with Kernels},
  publisher = {{GMD Forschungszentrum Informationstechnik}},
  location = {Sankt Augustin},
  author = {Smola, Alex J. and Schölkopf, Bernhard},
  date = {1998}
}

@book{Scholkopf.2001,
  location = {Cambridge, MA.},
  title = {Learning with Kernels: Support Vector Machines, Regularization, Optimization, and Beyond},
  publisher = {{MIT press}},
  author = {Scholkopf, Bernhard and Smola, Alexander J.},
  date = {2001}
}

@book{Mateo.1995,
  location = {{Paris}},
  title = {El Arte de Conjugar En Español: Diccionario de 12000 Verbos},
  publisher = {{Hatier}},
  author = {Mateo, Francis and Sastre, Antonio J. Rojo},
  date = {1995}
}

@inproceedings{Albright.2008a,
  title = {How Many Grammars Am {{I}} Holding up? {{Discovering}} Phonological Differences between Word Classes},
  booktitle = {Proceedings of the 26th {{West Coast Conference}} on {{Formal Linguistics}}. {{Somerville}}, {{MA}}: {{Cascadilla Proceedings Project}}},
  author = {Albright, Adam},
  date = {2008},
  pages = {1--20}
}

@inproceedings{Albright.2002,
  title = {Modeling {{English}} Past Tense Intuitions with Minimal Generalization},
  booktitle = {Proceedings of the {{ACL}}-02 Workshop on {{Morphological}} and Phonological Learning-{{Volume}} 6},
  publisher = {{Association for Computational Linguistics}},
  author = {Albright, Adam and Hayes, Bruce},
  date = {2002},
  pages = {58--69}
}

@article{Baerman.2007,
  title = {Morphological Reversals},
  volume = {43},
  issue = {01},
  journaltitle = {Journal of Linguistics},
  author = {Baerman, Matthew},
  date = {2007},
  pages = {33--61}
}

@book{Golovnev.1999,
  location = {{Cornell}},
  title = {Siberian Survival: The {{Nenets}} and Their Story},
  publisher = {{Cornell University Press}},
  author = {Golovnev, Andreĭ Vladimirovich and Osherenko, Gail},
  date = {1999}
}

@book{Janhunen.1986,
  location = {{Helsinki}},
  title = {Glottal Stop in {{Nenets}}},
  number = {196},
  publisher = {{Mémoires de la Société Finno-Ougrienne}},
  author = {Janhunen, Juha},
  date = {1986}
}

@book{Salminen.1997,
  location = {{Helsinki}},
  title = {Tundra {{Nenets}} Inflection},
  number = {227},
  publisher = {{Mémoires de la Société Finno-Ougrienne}},
  author = {Salminen, Tapani},
  date = {1997}
}

@article{Bonami.2016,
  title = {Joint Predictiveness in Inflectional Paradigms},
  volume = {9},
  number = {2},
  journaltitle = {Word Structure},
  author = {Bonami, Olivier and Beniamine, Sacha},
  date = {2016},
  pages = {156--182}
}

@incollection{Blevins.2016,
  title = {The {{Zipfian}} Paradigm Cell Filling Problem},
  booktitle = {Perspectives on Morphological Organization: Data and Analyses},
  editor = {Kiefer, Ferenc, and Blevins, James, and Bartos, Huba},
  journaltitle = {Morphological Paradigms and Functions. Brill},
  author = {Blevins, James P. and Milin, Petar and Ramscar, Michael},
  pages = {141--158},
  date = {2016}
}

@book{Echegoyen.1979,
  location = {{Mexico, D.F.}},
  title = {Luces Contemporáneas Del Otomí: {{Gramática}} Del Otomí de La Sierra},
  url = {https://www.sil.org/resources/archives/2018},
  shorttitle = {Luces Contemporáneas Del Otomí},
  publisher = {{Instituto Lingüístico de Verano}},
  author = {Echegoyen, Artemisa and Voigtlander, Katherine},
  urldate = {2017-02-21},
  date = {1979}
}

@book{Echegoyen.2007,
  location = {{Estados de Hidalgo, Puebla y Veracruz, México}},
  title = {Diccionario Yuhú: {{Otomí}} de La {{Sierra Madre Oriental}}: {{Estados}} de {{Hidalgo}}, {{Puebla}} y {{Veracruz}}, {{México}}},
  publisher = {{Instituto Lingüístico de Verano}},
  author = {Echegoyen, Artemisa and Voigtlander, Katherine},
  date = {2007}
}

@book{Voigtlander.2007,
  location = {{Mexico, D.F.}},
  title = {Gramática Del Yuhú: {{Otomí}} de La {{Sierra Madre Oriental}}},
  url = {https://www.sil.org/resources/archives/2018},
  shorttitle = {Luces Contemporáneas Del Otomí},
  publisher = {{Instituto Lingüístico de Verano}},
  author = {Voigtlander, Katherine and Echegoyen, Artemisa},
  urldate = {2017-02-21},
  date = {2007}
}

@book{Newman.2007,
  location = {New Haven},
  title = {A {{Hausa}}-{{English Dictionary}}},
  publisher = {{Yale University Press}},
  author = {Newman, Paul},
  date = {2007}
}

@book{Migeod.1914,
  title = {A Grammar of the {{Hausa}} Language},
  publisher = {{K. Paul, Trench, Trübner \& co., ltd.}},
  author = {Migeod, Frederick William Hugh},
  date = {1914}
}

@book{Schon.1862,
  location = {{London}},
  title = {Grammar of the {{Hausa}} Language},
  publisher = {{Church missionary house}},
  author = {Schön, James Frederick},
  date = {1862}
}

@thesis{Salim.1981,
  title = {Linguistic Borrowing as External Evidence in Phonology: The Assimilation of {{English}} Loanwords in {{Hausa}}},
  institution = {{University of York}},
  author = {Salim, Bello Ahmad},
  date = {1981}
}

@article{Michel.2011,
  title = {Quantitative Analysis of Culture Using Millions of Digitized Books},
  volume = {331},
  number = {6014},
  journaltitle = {science},
  author = {Michel, Jean-Baptiste and Shen, Yuan Kui and Aiden, Aviva Presser and Veres, Adrian and Gray, Matthew K. and Pickett, Joseph P. and Hoiberg, Dale and Clancy, Dan and Norvig, Peter and Orwant, Jon},
  date = {2011},
  pages = {176--182}
}

@unpublished{GuzmanNaranjo.2016a,
  location = {{Olomouc}},
  title = {Comparing {{Naive Discriminative Learning}}, {{Sublexicon Phonotactics}},  and {{Analogical Learning}}},
  eventtitle = {Olinco},
  author = {Guzmán Naranjo, Matías and Pyatigorskaya, Elena},
  date = {2016}
}

@book{Whitney.1986,
  location = {{London}},
  title = {Sanskrit Grammar: Including Both, the Classical Language and the Older Dialects of {{Veda}} and {{Brāhmaṇa}}},
  publisher = {{Kegan Paul, Trench, Trübner \& Co.}},
  author = {Whitney, William Dwight},
  date = {1986}
}

@article{Kopcke.1984,
  title = {Sechs {{Prinzipien}} Für Die {{Genuszuweisung}} Im {{Deutschen}}: Ein {{Beitrag}} Zur Natürlichen {{Klassifikation}}},
  author = {Köpcke, Klaus-Michael and Zubin, David A.},
  date = {1984},
  pages = {26--50}
}

@article{Salmons.1993,
  title = {The Structure of the Lexicon: {{Evidence}} from {{German}} Gender Assignment},
  volume = {17},
  number = {2},
  journaltitle = {Studies in Language. International Journal sponsored by the Foundation “Foundations of Language”},
  author = {Salmons, Joseph C.},
  date = {1993},
  pages = {411--435}
}

@article{Schwichtenberg.2004,
  title = {Semantic Gender Assignment Regularities in {{German}}},
  volume = {90},
  number = {1},
  journaltitle = {Brain and language},
  author = {Schwichtenberg, Beate and Schiller, Niels O.},
  date = {2004},
  pages = {326--337}
}

@article{Kopcke.2010,
  title = {Motivating Grammatical and Conceptual Gender Agreement in {{German}}},
  journaltitle = {Cognitive foundations of linguistic usage patterns},
  author = {Köpcke, Klaus-Michael and Panther, Klaus-Uwe and Zubin, David A.},
  date = {2010},
  pages = {171--194}
}

@article{Zubin.1985,
  title = {Natural Classification in Language. {{A}} Study of the {{German}} Gender System},
  volume = {2},
  journaltitle = {Buffalo Cognitive Science Report},
  author = {Zubin, David A. and Köpcke, Klaus-Michael},
  date = {1985}
}

@article{Zubin.1986,
  title = {Gender and Folk Taxonomy: {{The}} Indexical Relation between Grammatical and Lexical Categorization},
  journaltitle = {Noun classes and categorization},
  author = {Zubin, David A. and Köpcke, Klaus-Michael},
  date = {1986},
  pages = {139--180}
}

@article{Zubin.1984,
  title = {Affect Classification in the {{German}} Gender System},
  volume = {63},
  number = {1},
  journaltitle = {Lingua},
  author = {Zubin, David A. and Köpcke, Klaus-Michael},
  date = {1984},
  pages = {41--96}
}

@article{Kempe.2001,
  title = {The {{Role}} of {{Diminutives}} in the {{Acquisition}} of {{Russian Gender}}: {{Can Elements}} of {{Child}}‐{{Directed Speech Aid}} in {{Learning Morphology}}?},
  volume = {51},
  number = {2},
  journaltitle = {Language Learning},
  author = {Kempe, Vera and Brooks, Patricia J.},
  date = {2001},
  pages = {221--256}
}

@article{Kempe.2005,
  title = {Diminutives in Child-Directed Speech Supplement Metric with Distributional Word Segmentation Cues},
  volume = {12},
  number = {1},
  journaltitle = {Psychonomic bulletin \& review},
  author = {Kempe, Vera and Brooks, Patricia J. and Gillis, Steven},
  date = {2005},
  pages = {145--151}
}

@article{Kempe.2003,
  title = {Diminutivization Supports Gender Acquisition in {{Russian}} Children},
  volume = {30},
  issue = {02},
  journaltitle = {Journal of Child Language},
  author = {Kempe, Vera and Brooks, Patricia J. and Mironova, Natalija and Fedorova, Olga},
  date = {2003},
  pages = {471--485}
}

@article{Carstairs.1990,
  title = {Phonologically Conditioned Suppletion},
  journaltitle = {Contemporary morphology},
  author = {Carstairs, Andrew},
  date = {1990},
  pages = {17--23}
}

@thesis{Siegel.1974,
  title = {Topics in {{English}} Morphology.},
  institution = {{Massachusetts Institute of Technology}},
  author = {Siegel, Dorothy Carla},
  date = {1974}
}

@book{Dressler.1990,
  location = {{Berlin, Boston}},
  title = {Contemporary Morphology},
  volume = {49},
  publisher = {{Walter de Gruyter}},
  author = {Dressler, Wolfgang U. and Luschützky, Hans C. and Pfeiffer, Oskar E. and Rennison, John R.},
  date = {1990}
}

@article{Kempe.2010,
  title = {Cognitive Predictors of Generalization of {{Russian}} Grammatical Gender Categories},
  volume = {60},
  number = {1},
  journaltitle = {Language Learning},
  author = {Kempe, Vera and Brooks, Patricia J. and Kharkhurin, Anatoliy},
  date = {2010},
  pages = {127--153}
}

@article{Protassova.2007,
  title = {Diminutives in {{Russian}} at the Early Stages of Acquisition},
  volume = {43},
  journaltitle = {LANGUAGE ACQUISITION AND LANGUAGE DISORDERS},
  author = {Protassova, Ekaterina and Voeikova, M.},
  date = {2007},
  pages = {43--72}
}

@article{Voeykova.1998,
  title = {Acquisition of Diminutives by a {{Russian}} Child: {{Preliminary}} Observations in Connection with the Early Adjectives},
  journaltitle = {Studies in the acquisition of number and diminutive marking},
  author = {Voeykova, Maria D.},
  date = {1998},
  pages = {97--113}
}

@incollection{Alber.2009,
  location = {{Amsterdam, Philadelphia}},
  title = {Past Participles in {{Mocheno}}: Allomorphy and Alignment},
  booktitle = {Studies on {{German}}-{{Language Islands}}},
  publisher = {{Benjamins}},
  author = {Alber, Birgit},
  editor = {Putnam, Michael T.},
  date = {2009},
  pages = {33--64}
}

@article{Anderson.2008,
  title = {Phonologically Conditioned Allomorphy in the Morphology of {{Surmiran}} ({{Rumantsch}})},
  volume = {1},
  number = {2},
  journaltitle = {Word Structure},
  author = {Anderson, Stephen R.},
  date = {2008},
  pages = {109--134}
}

@incollection{Baptista.2006,
  title = {The Influence of Voicing and Sonority Relationships on the Production of {{English}} Final Consonants},
  booktitle = {{{BAPTISTA}}, {{Barbara O}}. {{WATKINS}}, {{Michael A}}. {{English}} with a {{Latin}} Beat: {{Studies}} in {{Portuguese}}/{{Spanish}}-{{English Interphonology}}. {{John Benjamins}}},
  author = {Baptista, Barbara O. and Silva Filho, Jair L.A.},
  editor = {Baptista, Barbara O. and Watkins, Michal Alan},
  date = {2006},
  pages = {73--90}
}

@incollection{Booij.1998,
  location = {{Tübingen}},
  title = {Phonological Output Constraints in Morphology},
  booktitle = {Phonology and Morphology of the {{Germanic}} Languages},
  publisher = {{Niemeyer}},
  author = {Booij, Geert E.},
  editor = {Kehrein, Wolgang and Wiese, Richard},
  date = {1998},
  pages = {143--163}
}

@incollection{Carstairs.1998,
  location = {{Dordrecht}},
  title = {Some Implications of Phonologically Conditioned Suppletion},
  booktitle = {Yearbook of {{Morphology}} 1998},
  publisher = {{Springer}},
  author = {Carstairs, Andrew},
  editor = {Booij, Geert E. and van Marle, Jaap},
  date = {1998},
  pages = {67--94},
  options = {useprefix=true}
}

@article{Rubach.2001,
  title = {Allomorphy in Optimality Theory: {{Polish}} Iotation},
  journaltitle = {Language},
  author = {Rubach, Jerzy and Booij, Geert E.},
  date = {2001},
  pages = {26--60}
}

@incollection{Nevins.2011a,
  location = {{London \& New York}},
  title = {Phonologically Conditioned Allomorph Selection},
  booktitle = {The Companion to Phonology},
  publisher = {{Continuum}},
  author = {Nevins, Andrew},
  editor = {Ewen, Colin and Hume, Elizabeth and Van Oostendorp, Marc and Rice, Keren},
  date = {2011},
  pages = {2357--2382}
}

@article{Harris.1987,
  title = {Disagreement Rules, Referral Rules, and the {{Spanish}} Feminine Article El},
  volume = {23},
  issue = {01},
  journaltitle = {Journal of Linguistics},
  author = {Harris, James W.},
  date = {1987},
  pages = {177--183}
}

@article{Strauss.2017,
  title = {Generalising {{Ward}}’s {{Method}} for {{Use}} with {{Manhattan Distances}}},
  volume = {12},
  doi = {10.1371/journal.pone.0168288},
  number = {1},
  journaltitle = {PLoS ONE},
  author = {Strauss, Trudie and von Maltitz, Michael Johan},
  date = {2017-01-13}
}

@article{Meyniel.2010,
  title = {A Genomic and Transcriptomic Approach for a Differential Diagnosis between Primary and Secondary Ovarian Carcinomas in Patients with a Previous History of Breast Cancer},
  volume = {10},
  number = {1},
  journaltitle = {BMC cancer},
  author = {Meyniel, Jean-Philippe and Cottu, Paul H. and Decraene, Charles and Stern, Marc-Henri and Couturier, Jérôme and Lebigot, Ingrid and Nicolas, André and Weber, Nina and Fourchotte, Virginie and Alran, Séverine},
  date = {2010},
  pages = {1--10}
}

@article{Plaster.2013,
  title = {Noun Classes Grow on Trees},
  volume = {104},
  journaltitle = {Language typology and historical contingency: In honor of Johanna Nichols},
  author = {Plaster, Keith and Polinsky, Maria and Harizanov, Boris},
  date = {2013},
  pages = {153--169}
}

@incollection{Sadler.2006,
  location = {{Standford, CA}},
  title = {Gender Resolution in {{Rumanian}}},
  booktitle = {Intelligent  {{Linguistic}}  {{Architectures}}: {{Variations}} on Themes by {{Ronald M}}. {{Kaplan}}},
  publisher = {{CSLI Publications}},
  author = {Sadler, Louisa},
  editor = {Butt, Miriam and Dalrymple, Mary and King, Tracy Holloway},
  date = {2006}
}

@article{Farkas.1990,
  title = {Two Cases of Underspecification in Morphology},
  volume = {21},
  number = {4},
  journaltitle = {Linguistic Inquiry},
  author = {Farkaş, Donka F.},
  date = {1990},
  pages = {539--550}
}

@article{Wechsler.2008,
  title = {Elsewhere in Gender Resolution},
  journaltitle = {The nature of the word: Essays in honor of Paul Kiparsky},
  author = {Wechsler, Stephen},
  date = {2008},
  pages = {567--586}
}

@inproceedings{Kramer.2015,
  location = {{Georgetown University}},
  title = {Impoverishment, Gender and Number: {{Predicting}} the Patterns of Syncretism},
  booktitle = {Roots {{IV}}},
  author = {Kramer, Ruth},
  date = {2015}
}

@inproceedings{Cucerzan.2003,
  title = {Minimally Supervised Induction of Grammatical Gender},
  booktitle = {Proceedings of the 2003 {{Conference}} of the {{North American Chapter}} of the {{Association}} for {{Computational Linguistics}} on {{Human Language Technology}}-{{Volume}} 1},
  publisher = {{Association for Computational Linguistics}},
  author = {Cucerzan, Silviu and Yarowsky, David},
  date = {2003},
  pages = {40--47}
}

@inproceedings{Nastase.2009,
  location = {{Singapore}},
  title = {What’s in a Name? {{In}} Some Languages, Grammatical Gender},
  eventtitle = {Conference on Empirical Methods in Natural Language Processing},
  publisher = {{ACL and AFNLP}},
  author = {Nastase, Vivi and Popescu, Marius},
  date = {2009},
  pages = {1368--1377}
}

@collection{Russell.1989,
  location = {{Oxford, New York}},
  title = {Classical {{Literary Criticism}}},
  publisher = {{Oxford University Press}},
  editor = {Russell, Donald Andrew and Winterbottom, Michael},
  date = {1989}
}

@article{Steriade.2008,
  title = {A Pseudo-Cyclic Effect in {{Romanian}} Morphophonology},
  volume = {18},
  journaltitle = {Inflectional identity},
  author = {Steriade, Donca},
  date = {2008}
}

@article{Rubach.2007,
  title = {Feature Geometry from the Perspective of {{Polish}}, {{Russian}}, and {{Ukrainian}}},
  volume = {38},
  number = {1},
  journaltitle = {Linguistic inquiry},
  author = {Rubach, Jerzy},
  date = {2007},
  pages = {85--138}
}

@inproceedings{Aranovich.2006a,
  location = {{Somerville, MA}},
  title = {Opacity In-Ez/-Eza Suffixation},
  booktitle = {Selected {{Proceedings}} of the 8th {{Hispanic Linguistics Colloquium}}.},
  publisher = {{ascadilla Proceedings Project}},
  author = {Aranovich, Raúl and Orgun, Orhan},
  date = {2006},
  pages = {116--122}
}

@incollection{Malkiel.1978,
  location = {{Standford, CA}},
  title = {Derivational Categories},
  volume = {3},
  booktitle = {Universals of Human Language: {{Word}} Structure},
  publisher = {{Standford University Press}},
  author = {Malkiel, Yakov},
  editor = {Greenberg, Joseph Harold and Ferguson, Charles Albert and Moravcsik, Edith A.},
  date = {1978},
  pages = {125--49}
}

@incollection{Derwing.1994,
  location = {{Amsterdam, Philadelphia}},
  title = {Productivity and the {{English}} Past Tense},
  volume = {26},
  booktitle = {The Reality of Linguistic Rules},
  publisher = {{John Benjamins}},
  author = {Derwing, Bruce L. and Skousen, Royal},
  editor = {Lima, Susan D. and Corrigan, Roberta and Iverson, Gregory K.},
  date = {1994},
  pages = {193--218}
}

@incollection{Anderson.2015,
  location = {{Oxford}},
  title = {Morphological Change},
  booktitle = {The {{Routledge Handbook}} of {{Historical Linguistics}}},
  publisher = {{Blackwell Publishing}},
  author = {Anderson, Stephen R.},
  editor = {Janda, Richard D. and Joseph, Brian D.},
  date = {2015},
  pages = {264--285}
}

@article{Kurylowicz.1945,
  title = {La Nature Des Procès Dits «analogiques»},
  volume = {5},
  number = {1},
  journaltitle = {Acta linguistica},
  author = {Kuryłowicz, Jerzy},
  date = {1945},
  pages = {15--37}
}

@collection{Singh.2003,
  location = {{New Delhi, Thousand Oaks, London}},
  title = {Explorations in Seamless Morphology},
  publisher = {{SAGE}},
  editor = {Singh, Rajendra and Starosta, Stanley and Neuvel, Sylvain},
  date = {2003}
}

@incollection{Singh.2003a,
  location = {{New Delhi, Thousand Oaks, London}},
  title = {In {{Praise}} of {{Śākaṭāyana}}: {{Some Remarks}} on {{Whole Word Morphology}}},
  booktitle = {Explorations in Seamless Morphology},
  publisher = {{SAGE}},
  author = {Singh, Rajendra and Ford, Alan},
  editor = {Singh, Rajendra and Starosta, Stanley and Neuvel, Sylvain},
  date = {2003},
  pages = {66--76}
}

@book{Blevins.2016a,
  location = {{Oxford, New York}},
  title = {Word and Paradigm Morphology},
  publisher = {{Oxford University Press}},
  author = {Blevins, James P.},
  date = {2016}
}

@incollection{Neuvel.2001,
  location = {{Amsterdam}},
  title = {Pattern Analogy vs. Word-Internal Syntactic Structure in {{West}} - {{Greenlandic}}: {{Towards}} a Functional Definition of Morphology},
  booktitle = {Yearbook of {{Morphology}} 2000},
  series = {Yearbook of Morphology},
  publisher = {{Springer}},
  author = {Neuvel, Sylvain},
  editor = {Booij, Geert E. and van Marle, Jaap},
  date = {2001},
  pages = {253--278},
  doi = {10.1007/978-94-017-3724-1_10}
}

@inproceedings{Beniamine.2017,
  location = {{Paris}},
  title = {A Computational Approach to the Abstraction of Morphopholonogical Alternations},
  url = {http://www.llf.cnrs.fr/fr/node/5611},
  eventtitle = {Typologie et modélisation des systèmes morphologiques},
  author = {Beniamine, Sacha},
  date = {2017-01}
}

@incollection{DeSmet.2016,
  location = {{Cambridge, New York}},
  title = {The Role of Analogy in Language Change: {{Supporting}} Constructions (Accepted)},
  booktitle = {The {{Changing English Language}}},
  publisher = {{Cambridge University Press}},
  author = {De Smet, Hendrik and Fischer, Olga},
  editor = {Hundt, Marianne and Mollin, Sandra and Pfenninger, Simone E.},
  date = {2017}
}

@incollection{Bybee.2015,
  location = {{London}},
  title = {Language Use, Cognitive Processes and Linguistic Change},
  booktitle = {Routledge Handbook of Historical Linguistics},
  publisher = {{Routledge}},
  author = {Bybee, Joan L. and Beckner, Clayton},
  editor = {Bowern, Claire and Evans, Bethwyn},
  date = {2015},
  pages = {503--518}
}

@collection{Bowern.2015,
  location = {{London}},
  title = {The {{Routledge Handbook}} of {{Historical Linguistics}}},
  publisher = {{Routledge}},
  editor = {Bowern, Claire and Evans, Bethwyn},
  date = {2015}
}

@book{Trask.1996,
  location = {{Oxford, New York}},
  title = {Historical Linguistics},
  publisher = {{Oxford University Press}},
  author = {Trask, Robert Lawrence},
  date = {1996}
}

@book{Hock.1991,
  location = {{Amsterdam, Philadelphia}},
  title = {Principles of Historical Linguistics},
  publisher = {{Walter de Gruyter}},
  author = {Hock, Hans Henrich},
  date = {1991}
}

@incollection{Anttila.2003,
  location = {{Malden, Mass.}},
  title = {Analogy: {{The Warp}} and {{Woof}} of {{Cognition}}},
  booktitle = {The {{Handbook}} of {{Historical Linguistics}}},
  publisher = {{Blackwell Publishing}},
  author = {Anttila, Raimo},
  editor = {Janda, Richard D. and Joseph, Brian D.},
  date = {2003},
  pages = {425--440}
}

@incollection{Hock.2003,
  location = {{Malden, Mass.}},
  title = {Analogical {{Change}}},
  booktitle = {The {{Handbook}} of {{Historical Linguistics}}},
  publisher = {{Blackwell Publishing}},
  author = {Hock, Hans Henrich},
  editor = {Janda, Richard D. and Joseph, Brian D.},
  date = {2003},
  pages = {441--460}
}

@thesis{Fondow.2010,
  location = {{Columbus, Ohio}},
  title = {Spanish {{Velar}} Insertion and {{Analogy}}:  {{A Usage}}-Based {{Diachronic Analysis}}},
  url = {https://etd.ohiolink.edu/rws_etd/document/get/osu1290438177/inline},
  institution = {{The Ohio State University}},
  author = {Fondow, Steven Richard},
  urldate = {2017-06-03},
  date = {2010}
}

@article{Yang.2005,
  title = {On Productivity},
  volume = {5},
  number = {1},
  journaltitle = {Linguistic variation yearbook},
  author = {Yang, Charles},
  date = {2005},
  pages = {265--302}
}

@article{Abbot-Smith.2006,
  title = {How Known Constructions Influence the Acquisition of Other Constructions: {{The German}} Passive and Future Constructions},
  volume = {30},
  journaltitle = {Cognitive Science},
  author = {Abbot-Smith, Kirsten and Behrens, Heike},
  date = {2006},
  pages = {995--1026}
}

@article{Behrens.2009,
  title = {Usage-Based and Emergentist Approaches to Language Acquisition},
  volume = {47},
  number = {2},
  journaltitle = {Linguistics},
  author = {Behrens, Heike},
  date = {2009},
  pages = {383--411}
}

@article{Pothos.2005,
  title = {The Rules versus Similarity Distinction},
  volume = {28},
  issue = {01},
  journaltitle = {Behavioral and Brain Sciences},
  author = {Pothos, Emmanuel M.},
  date = {2005},
  pages = {1--14}
}

@article{Wills.2012,
  title = {On the Adequacy of Current Empirical Evaluations of Formal Models of Categorization},
  volume = {138},
  number = {1},
  journaltitle = {Psychological Bulletin},
  author = {Wills, Andy J. and Pothos, Emmanuel M.},
  date = {2012},
  pages = {102--125}
}

@article{Pinker.1988,
  title = {On Language and Connectionism: {{Analysis}} of a Parallel Distributed Processing Model of Language Acquisition},
  volume = {28},
  number = {1},
  journaltitle = {Cognition},
  author = {Pinker, Steven and Prince, Alan},
  date = {1988},
  pages = {73--193}
}

@article{Vannest.2005a,
  title = {Dual-Route Processing of Complex Words: New {{fMRI}} Evidence from Derivational Suffixation},
  volume = {5},
  number = {1},
  journaltitle = {Cognitive, Affective, \& Behavioral Neuroscience},
  author = {Vannest, Jennifer and Polk, Thad A. and Lewis, Richard L.},
  date = {2005},
  pages = {67--76}
}

@article{Prasada.1993,
  title = {Generalisation of Regular and Irregular Morphological Patterns},
  volume = {8},
  number = {1},
  journaltitle = {Language and cognitive processes},
  author = {Prasada, Sandeep and Pinker, Steven},
  date = {1993},
  pages = {1--56}
}

@article{Eddington.2000,
  title = {Analogy and the Dual-Route Model of Morphology},
  volume = {110},
  number = {4},
  journaltitle = {Lingua},
  author = {Eddington, David},
  date = {2000},
  pages = {281--298}
}

@inproceedings{Suh.2008,
  title = {Korean {{Suffix Allomorphy}} in {{OT}}},
  booktitle = {The {{Proceedings}} of {{SUNY}}/{{CUNY}}/{{NYU Mini}}-{{Conference}}: {{Linguistics}} in the {{Big Apple}}},
  author = {Suh, Yunju},
  date = {2008}
}

@book{Song.2006,
  location = {{London \& New York}},
  title = {The {{Korean}} Language: {{Structure}}, Use and Context},
  publisher = {{Routledge}},
  author = {Song, Jae Jung},
  date = {2006}
}

@book{Lee.1989,
  location = {{Oxford, New York}},
  title = {Korean Grammar},
  publisher = {{Oxford University Press}},
  author = {Lee, Hansol H. B.},
  date = {1989}
}

@article{Halle.1994,
  title = {Some Key Features of {{Distributed Morphology}}},
  volume = {21},
  number = {275},
  journaltitle = {MIT working papers in linguistics},
  author = {Halle, Morris and Marantz, Alec},
  date = {1994},
  pages = {275--288}
}

@incollection{Halle.1993,
  location = {{Cambridge, MA}},
  title = {Distributed Morphology and the Pieces of Inflection},
  booktitle = {The {{View}} from {{Building}} 20: {{Essays}} in {{Linguistics}} in {{Honor}} of {{Sylvain Bromberger}}},
  publisher = {{MIT Press}},
  author = {Halle, Morris and Marantz, Alec},
  editor = {Hale, Kenneth Locke and Keyser, Samuel Jay},
  date = {1993},
  pages = {111--176}
}

@book{Steels.2011c,
  location = {{Amsterdam, Philadelphia}},
  title = {Design Patterns in Fluid Construction Grammar},
  volume = {11},
  publisher = {{John Benjamins Publishing}},
  author = {Steels, Luc},
  date = {2011}
}

@incollection{Bergen.2005a,
  location = {{Amsterdam, Philadelphia}},
  title = {Embodied Construction Grammar in Simulation-Based Language Understanding},
  volume = {3},
  booktitle = {Construction Grammars: {{Cognitive}} Grounding and Theoretical Extensions},
  publisher = {{John Benjamins}},
  author = {Bergen, Benjamin and Chang, Nancy},
  editor = {Östman, Jan-Ola and Fried, Mirjam},
  date = {2005},
  pages = {147--190}
}

@incollection{Kaplan.1982,
  location = {{Stanford}},
  title = {Lexical-Functional Grammar: {{A}} Formal System for Grammatical Representation},
  booktitle = {Formal {{Issues}} in {{Lexical}}-{{Functional Grammar}}},
  publisher = {{CSLI Publications}},
  author = {Kaplan, Ronald M. and Bresnan, Joan},
  editor = {Dalrymple, Mary and Kaplan, Ronald M. and Maxwell III, John T. and Zaenen, Annie},
  date = {1982},
  pages = {29--130}
}

@book{Bresnan.2016,
  location = {{Chichester}},
  title = {Lexical-Functional Syntax},
  volume = {16},
  publisher = {{Wiley-Blackwell}},
  author = {Bresnan, Joan and Asudeh, Ash and Toivonen, Ida and Wechsler, Stephen},
  date = {2016}
}

@article{Lustig.2010,
  title = {Mba'éichapa Oiko La Guarani? {{Guaraní}} y Jopara En El {{Paraguay}}},
  volume = {4},
  number = {2},
  journaltitle = {PAPIA-Revista Brasileira de Estudos do Contato Linguístico},
  author = {Lustig, Wolf},
  date = {2010},
  pages = {19--43}
}

@book{Braune.1895,
  location = {{Halle (Saale)}},
  title = {Gotische {{Grammatik}}: {{Mit}} Einigen {{Lesestücken}} Und {{Wortverzeichnis}}},
  publisher = {{Niemeyer}},
  author = {Braune, Wilhelm},
  date = {1895}
}

@software{Ramirez.2017,
  title = {Interactive {{Guarani Dictionary}}},
  url = {https://www.uni-mainz.de/cgi-bin/guarani2/dictionary.pl},
  author = {Ramírez, Gilbert},
  editora = {Lustig, Wolf},
  editoratype = {collaborator},
  urldate = {2017-02-03},
  date = {1996}
}

@book{Tomasello.2003b,
  location = {{Hardvard}},
  title = {Constructing a Language. {{A Usage}}-{{Based Theory}} of {{Language Acquisition}}},
  publisher = {{Harvard university press}},
  author = {Tomasello, Michael},
  date = {2003}
}

@book{Paul.1995,
  location = {{Tübingen}},
  title = {Prinzipien Der {{Sprachgeschichte}}},
  pagetotal = {449},
  publisher = {{Walter de Gruyter}},
  author = {Paul, Hermann},
  date = {1995 (original date 1880)}
}

@article{Kopcke.1998a,
  title = {Prototypisch Starke Und Schwache {{Verben}} Der Deutschen {{Gegenwartssprache}}},
  volume = {141},
  number = {142},
  journaltitle = {Germanistische Linguistik},
  author = {Köpcke, Klaus-Michael},
  date = {1998},
  pages = {45--60}
}

@inproceedings{Zwicky.1986,
  title = {The General Case: {{Basic}} Form versus Default Form},
  volume = {12},
  booktitle = {Annual {{Meeting}} of the {{Berkeley Linguistics Society}}},
  author = {Zwicky, Arnold M.},
  date = {1986},
  pages = {305--314}
}

@book{Jespersen.1912,
  location = {{Leipzig}},
  title = {Growth and Structure of the {{English}} Language},
  publisher = {{Teubner}},
  author = {Jespersen, Otto},
  date = {1912}
}

@incollection{Francis.2014,
  location = {{Oxford, New York}},
  title = {Why Move? {{How}} Weight and Discourse Factors Combine to Predict Relative Clause Extraposition in {{English}}},
  booktitle = {Competing  {{Motivations}}},
  publisher = {{Oxford University Press}},
  author = {Francis, Elaine J. and Michaelis, Laura A.},
  editor = {MacWhinney, Brian and Moravcsik, Edith A. and Malchukov, Andrej L.},
  date = {2014},
  pages = {70--87}
}

@article{Levenshtein.1966,
  title = {Binary Codes Capable of Correcting Deletions, Insertions, and Reversals},
  volume = {10},
  number = {8},
  journaltitle = {Soviet physics doklady},
  author = {Levenshtein, Vladimir I.},
  date = {1966},
  pages = {707--710}
}

@book{Prince.2008,
  location = {{New York}},
  title = {Optimality {{Theory}}: {{Constraint}} Interaction in Generative Grammar},
  publisher = {{John Wiley \& Sons}},
  author = {Prince, Alan and Smolensky, Paul},
  date = {2008}
}

@article{Boersma.2004,
  title = {A Stochastic {{OT}} Account of Paralinguistic Tasks Such as Grammaticality and Prototypicality Judgments},
  volume = {648},
  journaltitle = {Unpublished manuscript, University of Amsterdam. Rutgers Optimality Archive},
  author = {Boersma, Paul P. G.},
  date = {2004}
}

@inproceedings{Bresnan.2001,
  title = {Soft Constraints Mirror Hard Constraints: {{Voice}} and Person in {{English}} and {{Lummi}}},
  booktitle = {Proceedings of the {{LFG01 Conference}}},
  publisher = {{Stanford: CSLI Publications. E. Verhoeven}},
  author = {Bresnan, Joan and Dingare, Shipra and Manning, Christopher D.},
  date = {2001},
  pages = {13--32}
}

@article{Boersma.2001,
  title = {Empirical Tests of the Gradual Learning Algorithm},
  volume = {32},
  number = {1},
  journaltitle = {Linguistic inquiry},
  author = {Boersma, Paul P. G. and Hayes, Bruce},
  date = {2001},
  pages = {45--86}
}

@inproceedings{Boersma.1997,
  title = {How We Learn Variation, Optionality, and Probability},
  volume = {21},
  booktitle = {Proceedings of the {{Institute}} of {{Phonetic Sciences}} of the {{University}} of {{Amsterdam}}},
  author = {Boersma, Paul P. G.},
  date = {1997},
  pages = {43--58}
}

@book{Boersma.1998,
  location = {{Den Haag}},
  title = {Functional Phonology: {{Formalizing}} the Interactions between Articulatory and Perceptual Drives},
  publisher = {{Holland Academic Graphics/IFOTT}},
  author = {Boersma, Paul P. G.},
  date = {1998}
}

@book{Fillmore.1995,
  location = {{Berkeley}},
  title = {A {{Construction Grammar Coursebook}}},
  publisher = {{Unpublished ms, University of California}},
  author = {Fillmore, Charles J. and Kay, Paul},
  date = {1995}
}

@book{Kilani-Schoch.2005,
  location = {{Tübingen}},
  title = {Morphologie Naturelle et Flexion Du Verbe Français},
  volume = {488},
  publisher = {{Gunter Narr Verlag}},
  author = {Kilani-Schoch, Marianne and Dressler, Wolfgang U.},
  date = {2005}
}

@incollection{Becker.1993,
  location = {{Dordrecht}},
  title = {Back-Formation, Cross-Formation, and 'Bracketing Paradoxes' in Paradigmatic Morphology},
  booktitle = {Yearbook of {{Morphology}} 1993},
  publisher = {{Springer}},
  author = {Becker, Thomas},
  editor = {Booij, Geert E. and van Marle, Jaap},
  date = {1993},
  pages = {1--26}
}

@book{vanMarle.1985,
  location = {{Dordrecht}},
  title = {On the Paradigmatic Dimension of Morphological Creativity},
  publisher = {{Foris}},
  author = {van Marle, Jaap},
  date = {1985},
}

@article{Corbett.1993,
  title = {Network {{Morphology}}: A {{DATR}} Account of {{Russian}} Nominal Inflection},
  volume = {29},
  issue = {01},
  journaltitle = {Journal of linguistics},
  author = {Corbett, Greville G. and Fraser, Norman M.},
  date = {1993},
  pages = {113--142}
}

@book{Brown.2012,
  title = {Network Morphology: {{A}} Defaults-Based Theory of Word Structure},
  volume = {133},
  location = {Cambridge},
  publisher = {{Cambridge University Press}},
  author = {Brown, Dunstan and Hippisley, Andrew},
  date = {2012}
}


@inproceedings{Pirrelli.1994a,
  title = {On the Pronunciation of Unknown Words by Analogy in Text-to-Speech Systems},
  booktitle = {Proceedings of the {{Second Onomastica Research Colloquium}}},
  date = {1994},
  author = {Pirrelli, Vito and Federici, Stefano}
}

@inproceedings{Lepage.1998,
  title = {Solving Analogies on Words: An Algorithm},
  booktitle = {Proceedings of the 17th International Conference on {{Computational}} Linguistics-{{Volume}} 1},
  date = {1998},
  pages = {728--734},
  author = {Lepage, Yves},
  organization = {{Association for Computational Linguistics}}
}

@inproceedings{Federici.1995c,
  title = {Advances in Analogy-Based Learning: False Friends and Exceptional Items in Pronunciation by Paradigm-Driven Analogy},
  booktitle = {Proceedings of {{International Joint Conference}} on {{Artificial Intelligence}} ({{IJCAI}}’95) {{Workshop}} on {{New Approaches}} to {{Learning}} for {{Natural Language Processing}}, {{Montreal}}, {{Canada}}},
  date = {1995},
  pages = {158--163},
  author = {Federici, Stefano and Pirrelli, Vito and Yvon, Franqois},
  organization = {{Citeseer}}
}

@inproceedings{Pirrelli.1994,
  title = {Derivational Paradigms in Morphonology},
  booktitle = {Proceedings of the 15th Conference on {{Computational}} Linguistics-{{Volume}} 1},
  date = {1994},
  pages = {234--240},
  author = {Pirrelli, Vito and Federici, Stefano},
  organization = {{Association for Computational Linguistics}}
}

@inproceedings{Yvon.1997,
  title = {Paradigmatic Cascades: A Linguistically Sound Model of Pronunciation by Analogy},
  booktitle = {Proceedings of the 35th {{Annual Meeting}} of the {{Association}} for {{Computational Linguistics}} and {{Eighth Conference}} of the {{European Chapter}} of the {{Association}} for {{Computational Linguistics}}},
  date = {1997},
  pages = {428--435},
  author = {Yvon, François},
  organization = {{Association for Computational Linguistics}}
}

@inproceedings{Federici.1995b,
  title = {A Dynamic Approach to Paradigm-Driven Analogy},
  booktitle = {International {{Joint Conference}} on {{Artificial Intelligence}}},
  date = {1995},
  pages = {385--398},
  author = {Federici, Stefano and Pirrelli, Vito and Yvon, François},
  organization = {{Springer}}
}

@inproceedings{Goldsmith.2007,
  title = {Morphological Analogy: {{Only}} a {{Beginning}}},
  booktitle = {Proceedings of Workshop on Analogy. {{Leipzig}}: {{Max Planck Institute}} for {{Psycholinguistics}}},
  date = {2007},
  author = {Goldsmith, John A.}
}

@book{Fertig.2013,
  title = {Analogy and Morphological Change},
  location = {{Edinburgh}},
  publisher = {{Edinburgh University Press}},
  date = {2013},
  author = {Fertig, David L.}
}

@article{Bybee.1995,
  title={Regular morphology and the lexicon},
  author={Bybee, Joan},
  journal={Language and cognitive processes},
  volume={10},
  number={5},
  pages={425--455},
  date={1995},
  publisher={Taylor \& Francis}
}

@article{Paul.1880,
  title={Prinzipiend der Sprach Geschichte},
  author={Paul, Hermann},
  date={2010},
  publisher={Niemeyer},
  location={Tübingen}
}
